3067 5225
534 457 640 524 m
680 454 1200 524 emmaum
1244 454 1545 524 orm
1585 455 2038 526 Momm.
2230 479 2309 549 23

242 644 477 718 virtus
508 667 680 718 cum
714 642 1073 740 voluptate
1102 642 1540 734 conciliatur,
1568 655 1642 717 et
1666 644 2025 744 utriusque
2056 639 2311 719 huma-

248 764 577 842 niffimus
625 766 936 840 cernitur
980 765 1301 840 smQus:
1353 768 1568 866 igitur
1612 767 1667 840 fi
1713 769 1788 840 in
1835 769 2133 866 sapiente
2173 769 2314 842 hoc

246 887 605 978 laudatur,
663 889 1022 987 quomodo
1072 891 1149 962 in
1204 890 1685 988 ScriptoribuS,
1740 893 1862 989 qui
1926 917 2073 965 non
2138 891 2310 991 sapi-

246 1024 476 1101 entes,
528 1011 643 1086 sed
696 1024 934 1087 tamen
978 1012 1329 1111 sapientiae
1374 1012 1726 1104 studiosos,
1772 1013 1840 1086 se
1871 1016 2312 1112 profitentur,

156 1193 227 1256 ὓ
252 1135 828 1234 reprehendatur,
892 1134 947 1208 fi
1018 1135 1417 1226 hominum,
1482 1149 1676 1210 certe
1741 1138 2312 1237 intelligentium,

250 1260 680 1358 cognitione,
746 1259 1272 1349 existimatione,
1339 1259 1566 1350 laude,
1632 1263 1877 1359 gratia,
1937 1272 2313 1336 moventur

254 1395 471 1480 atque
524 1381 976 1456 afficiuntur?
1061 1383 1199 1456 Sed
1261 1382 1420 1457 haee
1471 1385 1903 1482 Scriptorum
1960 1386 2312 1475 voluntas,

254 1504 398 1578 boc
446 1528 691 1579 eorum
743 1507 819 1579 in
868 1504 1027 1579 suos
1067 1505 1309 1596 foetus,
1359 1519 1444 1581 ut
1489 1519 1860 1611 parentum
1908 1509 1981 1581 in
2032 1508 2311 1596 liberoS,

246 1630 394 1724 juS,
444 1628 561 1701 hic
605 1628 925 1702 beneficii
974 1631 1364 1728 gratiaeque
1410 1628 1707 1717 fruetuS,
1742 1655 1884 1724 qua
1920 1631 2176 1725 pietate
2206 1630 2317 1701 his

256 1752 694 1848 temporibus
738 1751 1032 1841 colatur,
1079 1750 1295 1823 latere
1337 1752 1561 1849 potest
1597 1751 1977 1839 neminem,
2014 1754 2136 1849 qui
2168 1751 2313 1825 edi—

254 1875 499 1948 tiones
545 1875 986 1972 antiquorum
1040 1872 1442 1947 AuEtorum
1493 1874 1569 1945 in
1618 1873 1997 1946 Germania
2034 1873 2316 1971 praeser-

256 1997 388 2070 tim
442 1994 661 2069 saetas
709 1997 1121 2071 mutilaverit.
1220 1996 1457 2069 Antea
1500 1996 1702 2069 suum
1753 1997 2012 2094 cuique
2055 1995 2320 2069 tribue-

261 2119 495 2210 batur,
550 2119 650 2193 sui
700 2119 1037 2218 cujusque
1086 2119 1291 2193 firma
1338 2118 1710 2218 faustaque
1757 2131 1906 2193 erat
1952 2117 2314 2217 poffeffioz

263 2242 663 2316 ferebantur
707 2244 783 2316 in
830 2245 1073 2342 primis
1117 2243 1479 2333 editioneS‚
1528 2244 1632 2315 uti
1679 2243 2128 2331 vocabantur,
2166 2269 2317 2315 cum

262 2369 438 2438 notis
496 2369 875 2456 variorum,
930 2368 1006 2439 in
1058 2365 1312 2464 quibus
1360 2365 1485 2438 sub
1535 2363 1637 2438 sui
1684 2364 1985 2437 auetoris
2034 2366 2320 2439 nomine

260 2490 526 2585 quaevis
585 2500 759 2562 nota
808 2477 1153 2562 exstabat:
1227 2483 1625 2592 hujusmodi
1683 2486 2077 2561 editionum
2143 2486 2321 2559 fera-

262 2610 525 2686 ciffima
577 2610 714 2686 fuit
763 2612 1050 2686 Batavia
1104 2614 1373 2686 nostra:
1423 2610 1639 2708 hujus
1682 2609 1922 2684 eadem
1973 2610 2324 2710 religionis

264 2734 698 2809 teuaciffima
747 2734 1138 2809 etiamnum
1198 2738 1319 2809 est.
1413 2734 1516 2807 At
1576 2758 1758 2808 nova
1812 2734 1993 2806 seeta
2041 2735 2319 2825 exstitit,

259 2857 462 2955 plane
496 2857 616 2932 illa
646 2882 734 2931 ex
764 2883 1021 2958 genere
1051 2858 1543 2958 graculorum:
1597 2859 1716 2956 qui
1748 2870 1951 2931 vetus
1987 2856 2159 2931 illud
2190 2882 2320 2931 no-

266 3005 427 3055 men
459 2984 839 3072 variorum,
871 2993 945 3055 et
976 3007 1143 3056 cum
1189 2981 1477 3054 nomine
1524 2980 1928 3081 religionem
1965 2981 2267 3053 riderent
2297 3010 2322 3066 ς

264 3116 346 3177 ut
387 3105 731 3177 nimirum
778 3104 898 3203 ipfi
951 3105 1151 3195 nudi,
1197 3103 1397 3177 nullo
1427 3102 1767 3177 Veterum
1801 3104 1926 3176 usu
1958 3112 2320 3209 apparatu-

262 3250 397 3325 que
428 3226 771 3316 instrasti,
816 3229 1125 3326 priorum
1161 3228 1229 3301 se
1259 3229 1473 3325 copiis
1507 3228 1967 3325 interpretum
2003 3224 2325 3298 vestirent

256 3363 475 3447 atque
506 3351 946 3424 instruerent.
1044 3350 1255 3442 Eooe,
1290 3351 1541 3423 veteris
1572 3349 1906 3422 Au6toris
1940 3370 2169 3419 novus
2199 3370 2319 3422 ex-

254 3473 395 3548 istit
438 3473 710 3546 editor!
784 3472 981 3575 Quid
1010 3472 1211 3572 agit?
1278 3472 1600 3546 Priorum
1636 3470 2092 3568 interpretum
2124 3495 2321 3543 oom-

258 3596 641 3670 mentarioe
669 3595 1419 3694 animadverfionesque
1444 3597 1518 3668 in
1547 3617 1775 3667 unum
1800 3617 2123 3667 acervum
2149 3618 2321 3667 con·-

260 3721 484 3817 geit3
537 3718 731 3792 haud
775 3719 974 3792 aliter
1015 3731 1231 3818 atque
1261 3716 1707 3807 architectus,
1740 3717 1812 3789 in
1846 3717 2069 3790 aliena
2100 3729 2321 3791 mate—-

264 3844 363 3913 ria
392 3842 834 3915 dominatur:
875 3841 1060 3930 inde,
1087 3842 1430 3941 quidquid
1460 3839 1642 3932 vult,
1674 3842 1938 3939 promit
1967 3853 2053 3913 ut
2078 3841 2322 3924 suum-⁹,

266 3964 820 4061 reprehendendi
882 3967 1245 4038 materiam
1310 3963 1589 4054 naeus,
1649 3987 1893 4038 verum
1953 3963 2322 4035 dominum

268 4084 849 4186 inventoremque
880 4089 1198 4161 nominat
1230 4098 1304 4160 et
1337 4088 1411 4161 in
1445 4085 1811 4184 triumpho
1841 4083 2060 4158 ducit.
2113 4083 2322 4156 Non·-

268 4232 360 4282 ne
386 4212 616 4311 magis
646 4210 859 4284 etiam
893 4210 1207 4309 improbe
1250 4211 1400 4309 agit
1444 4232 1660 4309 quam
1693 4219 1896 4281 vetus
1929 4206 2042 4278 ille
2072 4228 2322 4303 gracu-

258 4329 396 4425 lus,
442 4336 571 4409 cui
607 4333 771 4407 satis
808 4345 959 4408 erat
1009 4332 1297 4409 aliarum
1350 4333 1416 4406 se
1462 4333 1704 4407 avium
1748 4329 1995 4429 pennis
2029 4327 2322 4419 ornafle,

1248 4479 1299 4529 c
1328 4468 1380 4529 4
