3067 5225
403 472 512 530 DE
539 471 908 534 DISCERN.
936 476 1181 536 ADUL.
1205 476 1312 536 AB
1338 478 1625 538 AMICO.
1654 498 1713 556 p.
1725 474 1822 540 68⁹-
1844 476 1993 548 Ee.
2112 490 2233 553 519

163 631 286 718 qui
331 634 763 707 Erasmianum
814 660 980 725 opus
1031 652 1377 727 purgatum
1421 653 1490 707 et
1530 641 1977 707 circumcisum
2020 643 2233 729 postea

164 736 398 816 edidit,
451 738 565 801 sub
620 740 878 807 nomine
929 742 1113 810 Pauli
1164 743 1483 808 Manutii:
1547 742 1743 830 idque
1790 766 2024 817 nomen
2075 744 2232 808 falso

165 838 326 901 huic
356 839 797 924 compilationi
822 842 1180 929 impositum
1213 843 1547 909 contendit
1578 846 1900 909 Muretus.
1971 844 2122 931 Qua
2151 843 2233 908 de

164 941 381 1006 caussa
423 940 787 1008 consulatur
831 947 894 1011 J.
926 944 1011 1009 A.
1043 945 1370 1013 Fabricius
1416 944 1728 1021 Biblioth.
1774 947 1889 1010 Gr.
1922 946 2072 1013 Vol.
2107 947 2229 1011 ΙΙΙ.

165 1062 240 1127 1)-
264 1060 415 1126 301.

256 1141 364 1204 68.
395 1142 472 1206 B.
534 1142 850 1228 Τιμαγένης
894 1145 1113 1223 δξίπεσσ
1155 1151 1252 1223 τῆς
1306 1144 1593 1231 Καίσαρος
1644 1144 1939 1229 φιλίας-]
2012 1144 2229 1209 Tima-

163 1266 395 1332 genes,
441 1244 837 1311 historiarum
874 1246 1162 1334 scriptor,
1191 1248 1481 1335 Augusto
1519 1246 1797 1334 primum
1833 1259 2083 1334 gratus,
2111 1245 2229 1310 de-

167 1344 325 1409 inde
352 1345 575 1410 exosus
605 1360 867 1432 propter
894 1347 1133 1434 linguae
1161 1348 1651 1434 procacitatem:
1697 1344 1881 1434 cujus
1908 1346 1999 1410 rei
2026 1344 2230 1410 docu-

167 1460 396 1512 menta
438 1448 681 1511 exstant
721 1448 786 1511 in
837 1449 1080 1513 Seneca
1118 1449 1224 1515 De
1263 1448 1372 1513 Ira
1411 1449 1502 1512 11.
1538 1467 1642 1532 23.
1728 1445 2007 1533 Epistola
2047 1446 2230 1510 XCI.

165 1571 240 1635 p.
272 1550 420 1634 328.
495 1550 894 1616 Controvers.
917 1554 1001 1616 V.
1041 1573 1104 1637 p.
1128 1571 1278 1638 319.
1347 1550 1731 1638 Attigerunt
1758 1549 1899 1636 ejus
1930 1570 2031 1613 res
2058 1549 2143 1612 G.
2165 1549 2229 1613 J.

166 1650 419 1715 Voffius
445 1650 609 1714 Hist.
646 1653 700 1715 Ι.
735 1670 838 1732 24.
910 1654 973 1717 J.
1001 1655 1089 1717 A.
1123 1653 1446 1717 Fabricius
1476 1651 1785 1718 Biblioth.
1817 1652 1935 1715 Gr.
1966 1649 2115 1715 Vol.
2140 1649 2249 1712 11.-

169 1770 336 1835 23o:
385 1766 451 1814 et
480 1751 653 1816 hunc
683 1750 887 1838 ipsum
919 1751 1236 1817 Plutarchi
1263 1752 1481 1819 locum
1514 1753 1616 1817 M.
1638 1752 1728 1817 A.
1750 1752 2050 1816 Muretus
2070 1752 2249 1814 Var..

164 1850 352 1915 Le&-
383 1852 511 1915 XII
521 1853 547 1914 1
557 1900 573 1915 .
601 1853 666 1915 6.

255 1952 360 2014 68.
390 1951 468 2015 Β.
511 1956 731 2016 -ἇλὶῖ
768 1952 818 2035 ὅ,
852 1980 908 2017 τι
957 1961 1004 2018 οἶ
1046 1954 1364 2043 εἴσαιτο-ἣ
1418 1958 1515 2022 Ut
1558 1952 1869 2022 Therfites
1915 1953 2100 2021 Iliad.
2149 1954 2227 2018 Β.

165 2069 321 2137 215.
1958 2080 1963 2089 ·

189 2192 196 2195 ·
257 2157 361 2219 68.
386 2159 461 2221 Β.
481 2157 676 2221 αἰτίαν
703 2159 913 2243 φιλίας]
966 2159 1448 2246 repreherfionem
1473 2158 1778 2238 amicitia,
1800 2169 1869 2221 ut
1894 2156 2232 2242 mastonem

160 2258 575 2346 vituperandi,
620 2258 884 2347 Augusto
927 2259 1270 2324 adhibebat.
1345 2259 1613 2324 Sensum
1648 2259 1862 2323 minus
1908 2258 2077 2323 reete
2117 2278 2226 2321 ce·

164 2372 409 2444 perunt
451 2361 862 2445 Interpretes,
907 2360 1017 2446 qui
1061 2360 1424 2448 hujusmodi
1449 2361 1567 2424 est:
1614 2359 1996 2447 Timagenes
2039 2380 2228 2422 num-

165 2482 363 2546 quam
401 2482 548 2525 vera
575 2484 728 2525 voce
765 2462 934 2542 usuS,
967 2461 1035 2526 id
1070 2464 1177 2539 est,
1226 2482 1581 2548 numquam
1618 2460 1943 2548 Augustum
1971 2460 2045 2523 de
2070 2459 2247 2523 veris·

161 2560 500 2648 πιαῖςβᾳᾶἰε
528 2562 865 2642 admonens,
888 2564 1011 2650 scd
1050 2562 1260 2646 (αἰτίαν
1287 2562 1497 2647 φιλίας)
1535 2562 1991 2628 criminationem
2020 2560 2226 2625 amici-

161 2663 277 2726 tiae
316 2663 370 2726 ei
409 2663 695 2728 adhibens
738 2688 977 2752 eamque
1017 2679 1087 2730 ut
1127 2666 1469 2751 occasionem
1510 2665 1901 2753 vituperandi
1939 2663 2249 2751 arripiens·

160 2775 227 2826 et
254 2764 341 2826 ad
364 2765 687 2838 mordacem
715 2765 1083 2829 dicacitatem
1112 2779 1468 2845 convertens,
1491 2765 1709 2842 ⁸emidit
1737 2790 1807 2830 ex
1830 2765 1991 2828 itlius
2008 2763 2228 2828 amici·

162 2865 285 2928 tia.
360 2866 739 2932 Criminatio
781 2866 1105 2947 amicitiai,
1150 2868 1306 2932 ama
1347 2867 1558 2950 φιλίας,
1609 2866 1748 2932 haec
1790 2867 1878 2931 est
1913 2867 2228 2952 interpre-

163 2966 391 3045 tanda,
443 2980 521 3030 ut
561 2983 930 3053 quereretur
975 2981 1045 3033 et
1096 2968 1459 3054 Augustum
1510 2967 2007 3053 reprehendenet
2060 2965 2229 3052 quafi

159 3089 300 3131 non
348 3067 496 3131 satis
545 3067 766 3154 magni
803 3069 886 3132 ab
939 3089 1020 3133 eo
1072 3067 1333 3131 habitus
1388 3067 1496 3133 sed
1548 3067 1905 3155 neglefims,
1952 3088 2229 3152 eumque

163 3169 338 3233 hanc
364 3169 452 3233 ob
479 3189 616 3233 rem
647 3169 930 3234 ridiculis
957 3168 1144 3234 dietis
1174 3183 1242 3233 et
1269 3168 1499 3233 salibus
1526 3168 1882 3233 lacefleretz
1928 3167 2115 3254 quale
2141 3168 2229 3231 est

159 3270 506 3338 bominum
535 3292 743 3357 genus
772 3271 947 3358 quod
977 3270 1207 3336 Cicero
1234 3283 1420 3335 notat
1445 3272 1552 3335 De
1579 3270 1911 3348 Amicitia,
1941 3270 2103 3336 XX:
2148 3270 2230 3333 Ut

157 3369 357 3456 igitur
397 3369 465 3448 ii,
509 3370 613 3456 qui
635 3372 791 3456 sunt
836 3371 902 3435 in
941 3370 1227 3434 amicitiae
1273 3370 1794 3458 conjuncffion‘ffque
1825 3367 2231 3455 necfftudine

133 3470 505 3562 superiores,
536 3495 849 3558 exaequare
869 3474 944 3558 fi·
972 3496 1100 3535 cum
1136 3471 1510 3557 iisse-rioribus
1537 3471 1783 3536 debent:
1804 3472 1903 3556 stc
1927 3469 2231 3556 irfitriores

161 3595 286 3635 non
329 3569 548 3649 dolere,
572 3574 646 3657 ſs:
685 3596 725 3634 a
747 3573 886 3656 suis
915 3583 1024 3635 aut
1057 3572 1311 3659 ingenio,
1350 3583 1458 3635 aut
1472 3571 1762 3658 fortuna,
1794 3583 1903 3635 aut
1933 3570 2229 3655 dignitate

133 3671 432 3762 superari
452 3698 472 3735 .·
515 3697 759 3759 quorum
792 3671 1066 3760 plerique
1089 3685 1199 3736 aut
1224 3683 1555 3760 queruntur
1574 3675 1810 3760 semper
1836 3670 2094 3759 aliquid,
2122 3683 2230 3734 aut

155 3776 346 3840 etiam
386 3776 785 3863 exprobrant.-
848 3801 1025 3864 eoque
1064 3777 1281 3864 mag-ir,
1314 3779 1387 3862 st
1428 3778 1644 3842 habere
1668 3778 1745 3864 ſse
1787 3787 2034 3862 putant,
2079 3775 2236 3862 quod

157 3873 410 3961 qfficiost
436 3889 496 3940 et
521 3877 728 3956 amice,
757 3891 868 3942 aut
894 3901 1022 3942 cum
1050 3877 1247 3941 labore
1275 3878 1477 3967 aliquo
1496 3879 1865 3966 suofaclum
1884 3889 2104 3965 queant
2129 3877 2229 3940 di-

158 3997 313 4039 cere.
387 3975 891 4064 conjunguntur
915 3976 1086 4057 aiv-loq
1113 3991 1180 4041 et
1205 3978 1481 4066 λοιδορίας,
1511 3992 1705 4064 atque
1733 3976 1992 4063 ἐλὴχοις
2020 3999 2228 4064 oppo-

161 4089 437 4155 nuntur,
465 4099 506 4140 a
531 4076 962 4142 Demosthene
992 4079 1105 4142 Or.
1135 4099 1254 4165 pro
1284 4079 1523 4146 Coron.
1567 4100 1634 4165 p.
1661 4099 1812 4165 3¹4·
1843 4081 1924 4144 C.
1956 4093 2029 4144 et
2058 4078 2227 4144 Adv.

157 4176 556 4244 Androtion.
585 4200 652 4266 p.
675 4199 826 4261 421.
857 4181 935 4260 B,
967 4181 1047 4246 C.
1371 4249 1376 4256 ,

252 4280 362 4343 68.
393 4281 473 4345 C.
541 4282 1156 4370 καιρὸς-σαρῤηῖας]
1204 4282 1618 4349 Democritus
1661 4303 1763 4368 ap.
1794 4282 1976 4347 Stob.
2022 4281 2227 4344 Serm.

161 4380 362 4446 1111.
405 4381 541 4469 vas-l
570 4381 913 4470 σαρῤηῖας,
943 4381 1116 4450 unde
1149 4382 1374 4450 retulit
1412 4385 1502 4450 H.
1540 4384 1909 4472 Stephanus
1950 4381 2015 4446 in
2064 4381 2231 4446 Pocfi

1124 4504 1162 4548 ι.
1187 4482 1212 4548 l
1237 4503 1284 4566 4
