3067 5225
607 431 716 495 m:
743 433 1113 496 mserum.
1137 435 1383 498 mm..
1412 435 1519 497 AB
1547 435 1837 508 Amco,
1858 435 2029 514 p.62.
2050 437 2119 496 E.
2276 444 2396 509 ⁴⁸7

305 595 457 684 fere
496 599 864 685 putrqfirens3
919 585 1116 686 ‘plura’
1155 597 1238 664 de
1279 599 1596 666 vocabulo
1633 611 1933 687 petantur
1972 599 2055 664 ab
2109 599 2201 664 H.
2246 599 2392 664 Ste-

327 698 547 786 phano
596 697 787 763 Thes.
837 701 917 765 L.
958 701 1076 764 Gr.
1123 700 1202 765 T.
1235 700 1360 764 111.
1405 721 1473 787 p.
1506 719 1654 786 230.
1699 713 1769 765 et
1811 698 2277 787 Interpretibus
2312 698 2398 763 ad

329 797 728 886 Hesychium
757 820 895 863 voc.
927 799 1117 864 Πέπον
1146 813 1214 865 et
1239 799 1466 865 Πέπων.
1539 800 1645 866 Sic
1680 801 1745 865 in
1784 799 2008 866 eadem
2039 821 2108 865 re
2137 799 2397 864 Plautus

327 898 478 963 Mil.
511 898 698 964 Glor.
728 901 814 964 V.
843 918 922 985 31
956 925 974 965 z
1033 900 1191 964 mitis
1211 902 1357 989 sum
1395 900 1662 989 equidem
1690 899 1979 987 ficstibus.
2065 897 2399 964 Aulularia

329 1000 456 1063 ΙΙΙ.
498 1018 560 1065 2.
605 1000 687 1063 8:
761 999 863 1063 Ita
892 999 1162 1088 fustibus
1193 1003 1340 1090 sum
1386 1000 1638 1083 mollior,
1683 1025 1861 1090 quam
1901 999 2067 1066 ullus
2107 1000 2393 1076 cinca-dus.

324 1100 664 1167 Terentius
694 1101 977 1188 Adelph.
1011 1103 1100 1167 II.
1135 1121 1197 1170 2.
1218 1120 1298 1189 37
1325 1127 1342 1168 ε
1381 1127 1660 1169 —omnes
1690 1104 1888 1166 dentes
1911 1099 2187 1189 labefecit
2215 1101 2394 1166 mihi.-

327 1204 637 1267 Praeterea
664 1200 923 1291 colaphis
968 1204 1133 1268 tuber
1175 1203 1253 1292 ςΙί
1299 1216 1480 1270 lotum
1522 1216 1720 1294 caput.
1791 1203 1993 1278 Σικυός
2027 1201 2247 1281 πέπων,
2284 1226 2391 1268 cu.-

326 1308 510 1372 cumz's
538 1319 832 1388 maturus,
865 1307 932 1373 in
965 1308 1371 1374 fimilitudine
1407 1308 1701 1375 mollitiei
1739 1307 2001 1394 ponitur
2036 1328 2075 1371 a
2107 1304 2394 1388 Cornicis

323 1408 500 1497 apud
530 1410 919 1474 Athenaeum
953 1412 1043 1474 ΙΙ.
1075 1433 1142 1498 p.
1165 1412 1271 1475 68.
1300 1405 1390 1476 D.
1436 1410 1503 1475 in
1541 1409 1642 1476 his
1669 1432 1709 1476 a
1731 1409 2158 1496 Theopompo
2183 1433 2390 1490 -ματ

325 1510 626 1597 λακῶτερα
648 1508 887 1586 πέπονος
915 1511 958 1598 a}
994 1519 1185 1576 σικυοῦ
1210 1514 1303 1594 μοὶ
1331 1511 1553 1598 γέγονε·
1597 1510 1711 1576 ubi
1737 1511 1833 1575 καὶ
1864 1508 2209 1575 delendum
2238 1529 2392 1575 curn

323 1611 554 1676 codice
601 1610 965 1676 Florentino
1006 1611 1074 1676 in
1117 1611 1459 1677 collatione
1503 1611 1926 1677 Gronoviana.
2008 1609 2160 1675 Alia
2194 1609 2391 1676 etiam

326 1713 661 1777 videantur
685 1711 854 1799 apud
885 1709 1179 1778 Colvium
1208 1712 1290 1778 ad
1315 1713 1579 1802 Apuleii
1609 1714 1883 1778 Metam.
1913 1715 1968 1777 Ι.
1998 1733 2066 1798 p.
2093 1724 2202 1797 53.
2231 1710 2389 1792 edit,

322 1812 626 1879 Oudend.
672 1813 783 1901 qui
807 1813 983 1879 hunc
1011 1836 1048 1879 e
1087 1813 1430 1880 Plutarcho
1456 1814 1677 1892 locum
1706 1813 1957 1879 Comici
1986 1814 2102 1879 sub
2129 1813 2392 1879 nomine

259 2001 265 2008 ¹
323 1915 670 1980 Menandri
719 1915 973 1981 adfert:
1044 1917 1375 1981 Erasmum
1431 1916 1647 2003 Adag.
1709 1915 1975 2003 Spongia
2033 1914 2262 1980 mollior
2321 1936 2387 2002 p.

331 2035 520 2102 1273.
568 2016 921 2097 Clericum,
948 2016 1059 2105 qui
1100 2016 1275 2082 hunc
1314 2017 1533 2083 locum
1576 2017 1643 2081 in
1679 2015 2077 2104 Fragmentis
2104 2016 2387 2084 Menans

323 2118 425 2184 dri
455 2116 688 2204 posuit,
725 2139 855 2183 non
900 2118 1422 2205 reprehendimus
1443 2144 1463 2182 z
1509 2132 1576 2183 at
1604 2117 1780 2206 quod
1823 2116 2178 2183 Comoediae
2224 2117 2387 2183 titu-

325 2218 460 2283 lum
492 2218 855 2305 praeposuig
902 2241 1033 2284 non
1075 2221 1443 2307 probamus.
1516 2220 1692 2283 Nam
1727 2218 1769 2283 fi
1804 2217 2014 2283 fuifl‘et
2044 2218 2390 2284 Menandri

328 2316 668 2382 Comoedia
703 2324 750 2383 οἱ
787 2322 1093 2406 epocham-ay,
1123 2333 1339 2385 tamen
1368 2319 1478 2383 hic
1505 2318 1685 2384 locus
1720 2318 1927 2407 magis
1969 2318 2036 2384 in
2083 2319 2389 2402 Colacem

321 2420 715 2500 conveniret,
747 2436 824 2486 ut
858 2421 1054 2486 modo
1083 2421 1452 2487 monuimus
1480 2443 1633 2486 eum
1675 2420 1769 2486 illi
1811 2421 1999 2509 plane
2024 2419 2387 2486 convenire.

319 2524 523 2589 Nunc
565 2522 646 2588 ab
691 2545 821 2587 uno
861 2544 1067 2610 eoque
1103 2522 1405 2589 levissimo
1431 2524 1825 2590 documento
1866 2523 2034 2587 illius
2060 2522 2299 2588 fabulae
2320 2534 2390 2588 et

320 2624 601 2691 nominis
639 2625 982 2691 auctoritas
1023 2626 1309 2712 suspensa
1350 2627 1473 2692 est:
1527 2625 1654 2692 hoc
1698 2625 2025 2706 nimirum,
2070 2625 2245 2714 quod
2288 2627 2386 2709 H.

320 2726 591 2791 Grotius
634 2726 701 2791 in
747 2726 1085 2815 Florilegio
1122 2730 1467 2793 Stobaeano
1505 2729 1637 2794 Tit.
1670 2729 1791 2813 IV.
1832 2751 1899 2815 p.
1929 2729 2032 2797 26.
2085 2726 2200 2793 uni
2238 2727 2390 2793 loco

320 2824 796 2892 Menandreum
842 2828 1087 2892 versum
1131 2827 1418 2913 proxime
1459 2826 1771 2914 sequenti,
1820 2825 2149 2939 adscripfit.
2195 2827 2387 2914 Idem,

318 2925 680 2990 Militibus.-
738 2947 932 3013 quam
978 2924 1452 3042 inscriptionem
1499 2946 1758 3013 quoque
1802 2925 2082 3011 reposuit
2133 2925 2198 2989 in
2248 2926 2384 2990 Ex·

319 3028 560 3114 cerptis
597 3049 664 3115 p.
694 3044 844 3111 742.
915 3026 1122 3114 Atqui
1149 3047 1359 3112 neque
1388 3025 1470 3090 in
1483 3027 1622 3112 ejus
1648 3026 1943 3111 exemplo
1971 3025 2384 3107 GesnerianO,

317 3126 431 3192 cui
471 3126 579 3191 sua
605 3127 736 3213 ipse
762 3148 964 3191 manu
988 3125 1306 3211 adscripflt
1332 3125 1530 3190 varias
1565 3125 1867 3191 lectiones
1896 3124 2171 3190 duorum
2202 3118 2383 3191 codi-

321 3249 474 3293 cum
521 3228 964 3307 Parifienflum,
993 3220 1132 3292 hoc
1161 3226 1671 3309 additamentum
1712 3225 2100 3314 Στρατιώταις
2140 3226 2381 3293 exstatz

323 3356 533 3422 neque
560 3335 625 3401 in
655 3334 788 3401 ulla
812 3333 1095 3399 editione
1117 3332 1242 3398 alia
1259 3333 1596 3419 reperitur,
1621 3331 2015 3396 fiveduabus
2040 3331 2386 3418 prioribm,

324 3436 821 3504 Trincavelliana
862 3451 931 3503 et
970 3437 1378 3517 Gesneriana,
1422 3436 1542 3501 five
1584 3434 1906 3500 noviffima
1942 3436 2033 3499 N.
2074 3433 2381 3526 Schowii,

321 3538 510 3626 cujus
540 3561 668 3604 una
694 3561 837 3626 pars
864 3540 1154 3605 continet
1181 3537 1429 3604 Titulos
1458 3535 1911 3625 septemdecim
1940 3535 2204 3622 priores,
2229 3536 2381 3602 reli·

323 3652 468 3727 quae
495 3639 794 3706 incendio
819 3642 1316 3727 conflagrarunt,
1354 3639 1528 3726 quod
1570 3653 1637 3703 et
1672 3638 2030 3704 Literarum
2057 3651 2125 3702 et
2162 3636 2381 3709 erudi-

325 3742 537 3809 tiffimi
561 3742 824 3808 editoris
858 3744 1067 3808 cauffa
1089 3742 1499 3808 vehementer
1522 3741 1841 3808 dolemus.
1909 3739 2039 3805 Sed
2068 3740 2191 3820 fac,
2222 3704 2384 3817 illud

319 3844 707 3910 Grotianum
761 3843 1274 3910 additamentum
1329 3844 1662 3933 ςςατιῶταις
1709 3865 1787 3909 ex
1837 3842 2103 3930 antiquo
2158 3843 2385 3909 codice

321 3943 590 4025 veniffe3
636 3966 766 4009 non
796 3959 1012 4009 tamen
1042 3944 1166 4010 hoc
1193 3966 1325 4010 uno
1351 3957 1737 4032 argumento
1763 3943 2159 4025 conficiatur,
2189 3944 2382 4033 hujus

319 4045 602 4111 nominis
644 4044 1032 4133 peculiarem
1087 4044 1266 4110 fuiss'e
1316 4044 1664 4111 Menandri
1706 4042 2013 4108 fabulam.
2096 4044 2270 4108 Nam
2313 4055 2383 4109 et

320 4146 456 4212 duo
481 4146 723 4233 reliqua
746 4146 1109 4235 fragmenta
1132 4167 1174 4211 a
1197 4144 1460 4212 clerico
1479 4146 1597 4211 sub
1624 4146 1751 4210 hoc
1778 4145 2010 4215 fabulae
2041 4145 2229 4217 titulo
2256 4166 2377 4229 po·

321 4248 458 4327 fita,
487 4248 723 4314 servata
762 4247 936 4336 apud
981 4247 1392 4315 Plutarchum
1422 4250 1597 4336 Opp.
1628 4250 1803 4315 Mor.
1843 4271 1910 4336 p.
1941 4264 2092 4343 547.
2127 4244 2274 4312 sunt
2299 4269 2381 4314 ex

320 4350 588 4440 persona
628 4348 862 4417 Militis
905 4349 1209 4436 Gloriofi3
1254 4350 1456 4467 igitur
1491 4373 1531 4418 e
1565 4350 1784 4419 fabula
1820 4346 2029 4417 colem
2053 4349 2261 4419 sumta
2285 4349 2377 4415 vi·

1287 4473 1314 4519 1
1338 4474 1363 4518 ι
1386 4473 1432 4537 4
