<?xml version="1.0" encoding="UTF-8"?>
<!DOCTYPE html PUBLIC "-//W3C//DTD XHTML 1.0 Transitional//EN"
    "http://www.w3.org/TR/xhtml1/DTD/xhtml1-transitional.dtd">
<html xmlns="http://www.w3.org/1999/xhtml" xml:lang="en" lang="en">
 <head>
  <title>
</title>
<meta http-equiv="Content-Type" content="text/html;charset=utf-8" />
  <meta name='ocr-system' content='tesseract 3.04.00' />
  <meta name='ocr-capabilities' content='ocr_page ocr_carea ocr_par ocr_line ocrx_word'/>
</head>
<body>
  <div class='ocr_page' id='page_1' title='image "./ploutarchoutouc11unkngoog_0017.png"; bbox 0 0 3067 5225; ppageno 0'>
   <div class='ocr_carea' id='block_1_1' title="bbox 532 369 2319 510">
    <p class='ocr_par' dir='ltr' id='par_1_1' title="bbox 532 369 2319 510">
     <span class='ocr_line' id='line_1_1' title="bbox 532 369 2319 510; baseline 0.003 -29"><span class='ocrx_word' id='word_1_1' title='bbox 532 414 648 482; x_wconf 82' lang='lat' dir='ltr'>IN</span> <span class='ocrx_word' id='word_1_2' title='bbox 684 379 1554 484; x_wconf 67' lang='lat' dir='ltr'>PLUTARcHrorERA</span> <span class='ocrx_word' id='word_1_3' title='bbox 1593 369 2038 485; x_wconf 73' lang='lat' dir='ltr'>MoRAL-m.</span> <span class='ocrx_word' id='word_1_4' title='bbox 2273 445 2319 510; x_wconf 87' lang='lat'>9</span> 
     </span>
    </p>
   </div>
   <div class='ocr_carea' id='block_1_2' title="bbox 263 598 2319 1192">
    <p class='ocr_par' dir='ltr' id='par_1_2' title="bbox 263 598 2319 1192">
     <span class='ocr_line' id='line_1_2' title="bbox 263 598 2319 692; baseline 0.003 -18"><span class='ocrx_word' id='word_1_5' title='bbox 263 609 592 674; x_wconf 82' lang='lat' dir='ltr'>accurate</span> <span class='ocrx_word' id='word_1_6' title='bbox 646 598 990 674; x_wconf 77' lang='lat' dir='ltr'>confutati</span> <span class='ocrx_word' id='word_1_7' title='bbox 1041 600 1129 672; x_wconf 86' lang='lat' dir='ltr'>ab</span> <span class='ocrx_word' id='word_1_8' title='bbox 1186 599 1484 673; x_wconf 86' lang='lat' dir='ltr'>Ernesto</span> <span class='ocrx_word' id='word_1_9' title='bbox 1526 600 1616 673; x_wconf 84' lang='lat' dir='ltr'>ad</span> <span class='ocrx_word' id='word_1_10' title='bbox 1660 600 2020 692; x_wconf 86' lang='lat' dir='ltr'>Tacitum,</span> <span class='ocrx_word' id='word_1_11' title='bbox 2077 614 2319 679; x_wconf 83' lang='lat' dir='ltr'>tamen</span> 
     </span>
     <span class='ocr_line' id='line_1_3' title="bbox 263 722 2158 821; baseline 0.001 -24"><span class='ocrx_word' id='word_1_12' title='bbox 263 722 616 820; x_wconf 84' lang='lat' dir='ltr'>hodieque</span> <span class='ocrx_word' id='word_1_13' title='bbox 649 724 724 795; x_wconf 88' lang='lat' dir='ltr'>in</span> <span class='ocrx_word' id='word_1_14' title='bbox 754 722 956 798; x_wconf 89' lang='lat' dir='ltr'>fimili</span> <span class='ocrx_word' id='word_1_15' title='bbox 986 746 1245 821; x_wconf 85' lang='lat' dir='ltr'>genere</span> <span class='ocrx_word' id='word_1_16' title='bbox 1274 723 1431 797; x_wconf 84' lang='lat' dir='ltr'>suos</span> <span class='ocrx_word' id='word_1_17' title='bbox 1463 724 1727 797; x_wconf 87' lang='lat' dir='ltr'>habent</span> <span class='ocrx_word' id='word_1_18' title='bbox 1757 725 2158 800; x_wconf 86' lang='lat' dir='ltr'>imitatores.</span> 
     </span>
     <span class='ocr_line' id='line_1_4' title="bbox 386 845 2319 945; baseline 0.003 -26"><span class='ocrx_word' id='word_1_19' title='bbox 386 845 751 919; x_wconf 84' lang='lat' dir='ltr'>Caeterum</span> <span class='ocrx_word' id='word_1_20' title='bbox 821 846 1181 943; x_wconf 62' lang='lat' dir='ltr'>inter-pree„</span> <span class='ocrx_word' id='word_1_21' title='bbox 1241 869 1464 942; x_wconf 91' lang='lat' dir='ltr'>quum</span> <span class='ocrx_word' id='word_1_22' title='bbox 1530 846 1604 917; x_wconf 89' lang='lat' dir='ltr'>id</span> <span class='ocrx_word' id='word_1_23' title='bbox 1667 871 1874 945; x_wconf 88' lang='lat' dir='ltr'>agere</span> <span class='ocrx_word' id='word_1_24' title='bbox 1926 849 2178 923; x_wconf 78' lang='lat' dir='ltr'>&#39;debeat</span> <span class='ocrx_word' id='word_1_25' title='bbox 2237 864 2319 924; x_wconf 87' lang='lat' dir='ltr'>ut</span> 
     </span>
     <span class='ocr_line' id='line_1_5' title="bbox 266 967 2318 1069; baseline 0.002 -27"><span class='ocrx_word' id='word_1_26' title='bbox 266 969 600 1042; x_wconf 63' lang='lat' dir='ltr'>Auctoris</span> <span class='ocrx_word' id='word_1_27' title='bbox 633 967 1159 1066; x_wconf 81' lang='lat' dir='ltr'>intelligentiam</span> <span class='ocrx_word' id='word_1_28' title='bbox 1197 970 1476 1068; x_wconf 78' lang='lat' dir='ltr'>aperiat,</span> <span class='ocrx_word' id='word_1_29' title='bbox 1513 970 1610 1041; x_wconf 85' lang='lat' dir='ltr'>ita</span> <span class='ocrx_word' id='word_1_30' title='bbox 1648 968 1893 1044; x_wconf 87' lang='lat' dir='ltr'>scribet</span> <span class='ocrx_word' id='word_1_31' title='bbox 1925 982 2008 1043; x_wconf 88' lang='lat' dir='ltr'>ut</span> <span class='ocrx_word' id='word_1_32' title='bbox 2040 972 2178 1069; x_wconf 90' lang='lat' dir='ltr'>ipse</span> <span class='ocrx_word' id='word_1_33' title='bbox 2208 976 2318 1047; x_wconf 88' lang='lat' dir='ltr'>in·-</span> 
     </span>
     <span class='ocr_line' id='line_1_6' title="bbox 268 1081 2319 1192; baseline 0.002 -29"><span class='ocrx_word' id='word_1_34' title='bbox 268 1091 641 1190; x_wconf 88' lang='lat' dir='ltr'>telligatur.</span> <span class='ocrx_word' id='word_1_35' title='bbox 750 1092 897 1192; x_wconf 77' lang='lat' dir='ltr'>Qui</span> <span class='ocrx_word' id='word_1_36' title='bbox 942 1091 1132 1164; x_wconf 88' lang='lat' dir='ltr'>enim</span> <span class='ocrx_word' id='word_1_37' title='bbox 1175 1115 1322 1163; x_wconf 90' lang='lat' dir='ltr'>non</span> <span class='ocrx_word' id='word_1_38' title='bbox 1354 1081 1491 1188; x_wconf 70' lang='lat' dir='ltr'>ipse</span> <span class='ocrx_word' id='word_1_39' title='bbox 1523 1091 1960 1190; x_wconf 87' lang='lat' dir='ltr'>intelligitur,</span> <span class='ocrx_word' id='word_1_40' title='bbox 1993 1119 2111 1166; x_wconf 83' lang='lat' dir='ltr'>nae</span> <span class='ocrx_word' id='word_1_41' title='bbox 2145 1096 2204 1168; x_wconf 86' lang='lat' dir='ltr'>is</span> <span class='ocrx_word' id='word_1_42' title='bbox 2236 1107 2319 1168; x_wconf 91' lang='lat' dir='ltr'>ut</span> 
     </span>
    </p>
   </div>
   <div class='ocr_carea' id='block_1_3' title="bbox 268 1212 2413 1312">
    <p class='ocr_par' dir='ltr' id='par_1_3' title="bbox 268 1212 2413 1312">
     <span class='ocr_line' id='line_1_7' title="bbox 268 1212 2413 1312; baseline 0.003 -26"><span class='ocrx_word' id='word_1_43' title='bbox 268 1213 544 1286; x_wconf 62' lang='lat' dir='ltr'>Auctor</span> <span class='ocrx_word' id='word_1_44' title='bbox 588 1213 1021 1312; x_wconf 73' lang='lat' dir='ltr'>intelligatur,</span> <span class='ocrx_word' id='word_1_45' title='bbox 1060 1237 1220 1287; x_wconf 86' lang='lat' dir='ltr'>non·</span> <span class='ocrx_word' id='word_1_46' title='bbox 1255 1212 1552 1288; x_wconf 84' lang='lat' dir='ltr'>efficiet.&#39;</span> <span class='ocrx_word' id='word_1_47' title='bbox 1638 1214 1869 1312; x_wconf 85' lang='lat' dir='ltr'>Igitur</span> <span class='ocrx_word' id='word_1_48' title='bbox 1915 1241 2130 1290; x_wconf 87' lang='lat' dir='ltr'>omne</span> <span class='ocrx_word' id='word_1_49' title='bbox 2175 1219 2320 1291; x_wconf 90' lang='lat' dir='ltr'>stu-</span> <span class='ocrx_word' id='word_1_50' title='bbox 2409 1227 2413 1234; x_wconf 82' lang='grc'><strong><em>’</em></strong></span> 
     </span>
    </p>
   </div>
   <div class='ocr_carea' id='block_1_4' title="bbox 261 1322 2327 4380">
    <p class='ocr_par' dir='ltr' id='par_1_4' title="bbox 266 1322 2320 1925">
     <span class='ocr_line' id='line_1_8' title="bbox 270 1322 2320 1439; baseline 0.003 -31"><span class='ocrx_word' id='word_1_51' title='bbox 270 1336 467 1409; x_wconf 90' lang='lat' dir='ltr'>dium</span> <span class='ocrx_word' id='word_1_52' title='bbox 502 1336 575 1408; x_wconf 92' lang='lat' dir='ltr'>in</span> <span class='ocrx_word' id='word_1_53' title='bbox 606 1336 1087 1435; x_wconf 83' lang='lat' dir='ltr'>perspicuitate</span> <span class='ocrx_word' id='word_1_54' title='bbox 1116 1348 1353 1434; x_wconf 90' lang='lat' dir='ltr'>ponet.</span> <span class='ocrx_word' id='word_1_55' title='bbox 1430 1322 1672 1439; x_wconf 81' lang='lat' dir='ltr'>Quam</span> <span class='ocrx_word' id='word_1_56' title='bbox 1706 1338 1988 1435; x_wconf 84' lang='lat' dir='ltr'>quidem</span> <span class='ocrx_word' id='word_1_57' title='bbox 2021 1340 2320 1414; x_wconf 80' lang='lat' dir='ltr'>vidimus</span> 
     </span>
     <span class='ocr_line' id='line_1_9' title="bbox 266 1459 2317 1560; baseline 0.002 -29"><span class='ocrx_word' id='word_1_58' title='bbox 266 1484 309 1531; x_wconf 85' lang='lat' dir='ltr'>a</span> <span class='ocrx_word' id='word_1_59' title='bbox 338 1459 836 1556; x_wconf 74' lang='lat' dir='ltr'>compluribuS,</span> <span class='ocrx_word' id='word_1_60' title='bbox 873 1483 1050 1558; x_wconf 84' lang='lat' dir='ltr'>quos</span> <span class='ocrx_word' id='word_1_61' title='bbox 1088 1460 1453 1533; x_wconf 83' lang='lat' dir='ltr'>nominare</span> <span class='ocrx_word' id='word_1_62' title='bbox 1494 1485 1642 1534; x_wconf 88' lang='lat' dir='ltr'>non</span> <span class='ocrx_word' id='word_1_63' title='bbox 1689 1461 1787 1534; x_wconf 88' lang='lat' dir='ltr'>est</span> <span class='ocrx_word' id='word_1_64' title='bbox 1831 1485 2031 1560; x_wconf 79' lang='lat' dir='ltr'>OpuS,</span> <span class='ocrx_word' id='word_1_65' title='bbox 2067 1463 2317 1536; x_wconf 70' lang='lat' dir='ltr'>doctis—</span> 
     </span>
     <span class='ocr_line' id='line_1_10' title="bbox 267 1581 2321 1681; baseline 0 -26"><span class='ocrx_word' id='word_1_66' title='bbox 267 1581 454 1655; x_wconf 87' lang='lat' dir='ltr'>fimis</span> <span class='ocrx_word' id='word_1_67' title='bbox 497 1583 707 1655; x_wconf 86' lang='lat' dir='ltr'>etiam</span> <span class='ocrx_word' id='word_1_68' title='bbox 750 1584 940 1671; x_wconf 70' lang='lat' dir='ltr'>viria,</span> <span class='ocrx_word' id='word_1_69' title='bbox 987 1583 1159 1656; x_wconf 84' lang='lat' dir='ltr'>adeo</span> <span class='ocrx_word' id='word_1_70' title='bbox 1205 1582 1598 1681; x_wconf 60' lang='lat' dir='ltr'>negleetmn</span> <span class='ocrx_word' id='word_1_71' title='bbox 1633 1584 1793 1672; x_wconf 82' lang='lat' dir='ltr'>effe,</span> <span class='ocrx_word' id='word_1_72' title='bbox 1837 1599 1926 1657; x_wconf 88' lang='lat' dir='ltr'>ut</span> <span class='ocrx_word' id='word_1_73' title='bbox 1974 1585 2151 1679; x_wconf 81' lang='lat' dir='ltr'>saepe</span> <span class='ocrx_word' id='word_1_74' title='bbox 2182 1587 2321 1656; x_wconf 88' lang='lat' dir='ltr'>mi-</span> 
     </span>
     <span class='ocr_line' id='line_1_11' title="bbox 266 1701 2320 1816; baseline 0 -39"><span class='ocrx_word' id='word_1_75' title='bbox 266 1706 419 1778; x_wconf 87' lang='lat' dir='ltr'>nori</span> <span class='ocrx_word' id='word_1_76' title='bbox 460 1707 743 1803; x_wconf 86' lang='lat' dir='ltr'>negotio</span> <span class='ocrx_word' id='word_1_77' title='bbox 790 1705 986 1779; x_wconf 86' lang='lat' dir='ltr'>locus</span> <span class='ocrx_word' id='word_1_78' title='bbox 1028 1706 1361 1780; x_wconf 65' lang='lat' dir='ltr'>Auctoris</span> <span class='ocrx_word' id='word_1_79' title='bbox 1406 1727 1618 1816; x_wconf 85' lang='lat' dir='ltr'>quam</span> <span class='ocrx_word' id='word_1_80' title='bbox 1661 1701 1938 1786; x_wconf 76' lang='lat' dir='ltr'>illorum</span> <span class='ocrx_word' id='word_1_81' title='bbox 1972 1704 2320 1803; x_wconf 82' lang='lat' dir='ltr'>Interpre-</span> 
     </span>
     <span class='ocr_line' id='line_1_12' title="bbox 266 1826 922 1925; baseline 0.005 -26"><span class='ocrx_word' id='word_1_82' title='bbox 266 1828 447 1901; x_wconf 85' lang='lat' dir='ltr'>tatio</span> <span class='ocrx_word' id='word_1_83' title='bbox 478 1826 922 1925; x_wconf 82' lang='lat' dir='ltr'>intelligatur.</span> 
     </span>
    </p>

    <p class='ocr_par' dir='ltr' id='par_1_5' title="bbox 261 1947 2327 4380">
     <span class='ocr_line' id='line_1_13' title="bbox 390 1947 2318 2048; baseline 0.001 -26"><span class='ocrx_word' id='word_1_84' title='bbox 390 1949 583 2022; x_wconf 85' lang='lat' dir='ltr'>Haec</span> <span class='ocrx_word' id='word_1_85' title='bbox 621 1973 754 2048; x_wconf 89' lang='lat' dir='ltr'>ego</span> <span class='ocrx_word' id='word_1_86' title='bbox 799 1975 1025 2047; x_wconf 88' lang='lat' dir='ltr'>quum</span> <span class='ocrx_word' id='word_1_87' title='bbox 1059 1959 1133 2021; x_wconf 89' lang='lat' dir='ltr'>et</span> <span class='ocrx_word' id='word_1_88' title='bbox 1165 1948 1314 2021; x_wconf 83' lang='lat' dir='ltr'>aliis</span> <span class='ocrx_word' id='word_1_89' title='bbox 1346 1947 1516 2020; x_wconf 88' lang='lat' dir='ltr'>locis</span> <span class='ocrx_word' id='word_1_90' title='bbox 1550 1947 2054 2046; x_wconf 83' lang='lat' dir='ltr'>disputaverim,</span> <span class='ocrx_word' id='word_1_91' title='bbox 2089 1962 2163 2024; x_wconf 88' lang='lat' dir='ltr'>et</span> <span class='ocrx_word' id='word_1_92' title='bbox 2193 1950 2318 2024; x_wconf 89' lang='lat' dir='ltr'>sae-</span> 
     </span>
     <span class='ocr_line' id='line_1_14' title="bbox 262 2070 2319 2170; baseline 0 -24"><span class='ocrx_word' id='word_1_93' title='bbox 262 2074 420 2170; x_wconf 87' lang='lat' dir='ltr'>pius</span> <span class='ocrx_word' id='word_1_94' title='bbox 468 2072 983 2160; x_wconf 87' lang='lat' dir='ltr'>inculcaverim,</span> <span class='ocrx_word' id='word_1_95' title='bbox 1032 2084 1102 2148; x_wconf 87' lang='lat' dir='ltr'>et</span> <span class='ocrx_word' id='word_1_96' title='bbox 1154 2073 1291 2143; x_wconf 88' lang='lat' dir='ltr'>hoc</span> <span class='ocrx_word' id='word_1_97' title='bbox 1338 2070 1495 2145; x_wconf 89' lang='lat' dir='ltr'>loco</span> <span class='ocrx_word' id='word_1_98' title='bbox 1539 2071 1915 2161; x_wconf 83' lang='lat' dir='ltr'>retulerim,</span> <span class='ocrx_word' id='word_1_99' title='bbox 1947 2096 2181 2170; x_wconf 89' lang='lat' dir='ltr'>neque</span> <span class='ocrx_word' id='word_1_100' title='bbox 2212 2084 2319 2146; x_wconf 86' lang='lat' dir='ltr'>ta-</span> 
     </span>
     <span class='ocr_line' id='line_1_15' title="bbox 262 2193 2323 2292; baseline 0.001 -24"><span class='ocrx_word' id='word_1_101' title='bbox 262 2219 429 2269; x_wconf 88' lang='lat' dir='ltr'>men</span> <span class='ocrx_word' id='word_1_102' title='bbox 465 2220 539 2267; x_wconf 90' lang='lat' dir='ltr'>re</span> <span class='ocrx_word' id='word_1_103' title='bbox 568 2207 644 2267; x_wconf 91' lang='lat' dir='ltr'>et</span> <span class='ocrx_word' id='word_1_104' title='bbox 676 2194 864 2268; x_wconf 62' lang='lat' dir='ltr'>facto</span> <span class='ocrx_word' id='word_1_105' title='bbox 896 2194 1218 2292; x_wconf 89' lang='lat' dir='ltr'>consequi</span> <span class='ocrx_word' id='word_1_106' title='bbox 1246 2205 1321 2266; x_wconf 89' lang='lat' dir='ltr'>et</span> <span class='ocrx_word' id='word_1_107' title='bbox 1351 2193 1624 2291; x_wconf 87' lang='lat' dir='ltr'>explere</span> <span class='ocrx_word' id='word_1_108' title='bbox 1654 2196 2040 2292; x_wconf 82' lang='lat' dir='ltr'>potuerim3</span> <span class='ocrx_word' id='word_1_109' title='bbox 2075 2221 2323 2270; x_wconf 81' lang='lat' dir='ltr'>vereor</span> 
     </span>
     <span class='ocr_line' id='line_1_16' title="bbox 266 2316 2318 2416; baseline 0 -25"><span class='ocrx_word' id='word_1_110' title='bbox 266 2343 356 2391; x_wconf 86' lang='lat' dir='ltr'>ne</span> <span class='ocrx_word' id='word_1_111' title='bbox 413 2318 599 2415; x_wconf 91' lang='lat' dir='ltr'>apud</span> <span class='ocrx_word' id='word_1_112' title='bbox 650 2317 1007 2416; x_wconf 90' lang='lat' dir='ltr'>plerosque</span> <span class='ocrx_word' id='word_1_113' title='bbox 1063 2320 1135 2389; x_wconf 90' lang='lat' dir='ltr'>in</span> <span class='ocrx_word' id='word_1_114' title='bbox 1185 2318 1509 2389; x_wconf 82' lang='lat' dir='ltr'>vanitatis</span> <span class='ocrx_word' id='word_1_115' title='bbox 1558 2316 2156 2414; x_wconf 78' lang='lat' dir='ltr'>reprehensionem</span> <span class='ocrx_word' id='word_1_116' title='bbox 2210 2322 2318 2392; x_wconf 86' lang='lat' dir='ltr'>in-</span> 
     </span>
     <span class='ocr_line' id='line_1_17' title="bbox 262 2439 2322 2537; baseline 0 -24"><span class='ocrx_word' id='word_1_117' title='bbox 262 2459 585 2514; x_wconf 83' lang='lat' dir='ltr'>curram.·</span> <span class='ocrx_word' id='word_1_118' title='bbox 665 2441 768 2514; x_wconf 89' lang='lat' dir='ltr'>Et</span> <span class='ocrx_word' id='word_1_119' title='bbox 800 2439 1046 2529; x_wconf 84' lang='lat' dir='ltr'>fateor,</span> <span class='ocrx_word' id='word_1_120' title='bbox 1079 2440 1263 2513; x_wconf 85' lang='lat' dir='ltr'>hane</span> <span class='ocrx_word' id='word_1_121' title='bbox 1293 2439 1505 2537; x_wconf 89' lang='lat' dir='ltr'>ipsam</span> <span class='ocrx_word' id='word_1_122' title='bbox 1541 2440 2038 2537; x_wconf 85' lang='lat' dir='ltr'>cogitationem</span> <span class='ocrx_word' id='word_1_123' title='bbox 2086 2464 2204 2513; x_wconf 90' lang='lat' dir='ltr'>me</span> <span class='ocrx_word' id='word_1_124' title='bbox 2245 2443 2322 2514; x_wconf 91' lang='lat' dir='ltr'>in</span> 
     </span>
     <span class='ocr_line' id='line_1_18' title="bbox 264 2561 2319 2640; baseline 0.001 -3"><span class='ocrx_word' id='word_1_125' title='bbox 264 2564 678 2638; x_wconf 78' lang='lat' dir='ltr'>maturanda</span> <span class='ocrx_word' id='word_1_126' title='bbox 760 2562 1456 2637; x_wconf 83' lang='lat' dir='ltr'>Animadverfionum</span> <span class='ocrx_word' id='word_1_127' title='bbox 1542 2561 1847 2636; x_wconf 85' lang='lat' dir='ltr'>editione</span> <span class='ocrx_word' id='word_1_128' title='bbox 1933 2563 2319 2640; x_wconf 70' lang='lat' dir='ltr'>retardasse.</span> 
     </span>
     <span class='ocr_line' id='line_1_19' title="bbox 262 2686 2318 2784; baseline 0 -23"><span class='ocrx_word' id='word_1_129' title='bbox 262 2689 475 2776; x_wconf 84' lang='lat' dir='ltr'>Sane,</span> <span class='ocrx_word' id='word_1_130' title='bbox 512 2687 741 2760; x_wconf 88' lang='lat' dir='ltr'>multo</span> <span class='ocrx_word' id='word_1_131' title='bbox 783 2688 882 2761; x_wconf 88' lang='lat' dir='ltr'>est</span> <span class='ocrx_word' id='word_1_132' title='bbox 918 2686 1185 2760; x_wconf 84' lang='lat' dir='ltr'>facilius</span> <span class='ocrx_word' id='word_1_133' title='bbox 1232 2688 1399 2759; x_wconf 87' lang='lat' dir='ltr'>artis</span> <span class='ocrx_word' id='word_1_134' title='bbox 1455 2687 1795 2763; x_wconf 89' lang='lat' dir='ltr'>rationem</span> <span class='ocrx_word' id='word_1_135' title='bbox 1829 2712 2045 2784; x_wconf 82' lang='lat' dir='ltr'>quam</span> <span class='ocrx_word' id='word_1_136' title='bbox 2090 2686 2318 2779; x_wconf 89' lang='lat' dir='ltr'>usum,</span> 
     </span>
     <span class='ocr_line' id='line_1_20' title="bbox 261 2808 2319 2908; baseline 0.001 -26"><span class='ocrx_word' id='word_1_137' title='bbox 261 2810 459 2907; x_wconf 88' lang='lat' dir='ltr'>quod</span> <span class='ocrx_word' id='word_1_138' title='bbox 511 2808 727 2908; x_wconf 79' lang='lat' dir='ltr'>vulgo</span> <span class='ocrx_word' id='word_1_139' title='bbox 781 2812 979 2883; x_wconf 84' lang='lat' dir='ltr'>aiunt</span> <span class='ocrx_word' id='word_1_140' title='bbox 1033 2809 1363 2882; x_wconf 77' lang='lat' dir='ltr'>them-iam</span> <span class='ocrx_word' id='word_1_141' title='bbox 1426 2833 1636 2905; x_wconf 87' lang='lat' dir='ltr'>quam</span> <span class='ocrx_word' id='word_1_142' title='bbox 1689 2814 1977 2906; x_wconf 68' lang='lat' dir='ltr'>pra-rin,</span> <span class='ocrx_word' id='word_1_143' title='bbox 2041 2822 2319 2885; x_wconf 84' lang='lat' dir='ltr'>tenere:</span> 
     </span>
     <span class='ocr_line' id='line_1_21' title="bbox 261 2931 2319 3030; baseline 0.001 -26"><span class='ocrx_word' id='word_1_144' title='bbox 261 2933 533 3007; x_wconf 82' lang='lat' dir='ltr'>facilius</span> <span class='ocrx_word' id='word_1_145' title='bbox 564 2934 664 3005; x_wconf 89' lang='lat' dir='ltr'>est</span> <span class='ocrx_word' id='word_1_146' title='bbox 693 2934 875 3007; x_wconf 89' lang='lat' dir='ltr'>bene</span> <span class='ocrx_word' id='word_1_147' title='bbox 906 2933 1155 3021; x_wconf 89' lang='lat' dir='ltr'>dicere,</span> <span class='ocrx_word' id='word_1_148' title='bbox 1191 2956 1404 3030; x_wconf 85' lang='lat' dir='ltr'>quam</span> <span class='ocrx_word' id='word_1_149' title='bbox 1448 2931 1723 3016; x_wconf 81' lang='lat' dir='ltr'>facere3</span> <span class='ocrx_word' id='word_1_150' title='bbox 1775 2931 1961 3029; x_wconf 89' lang='lat' dir='ltr'>leges</span> <span class='ocrx_word' id='word_1_151' title='bbox 2007 2932 2319 3023; x_wconf 88' lang='lat' dir='ltr'>scribere,</span> 
     </span>
     <span class='ocr_line' id='line_1_22' title="bbox 262 3054 2324 3154; baseline 0 -26"><span class='ocrx_word' id='word_1_152' title='bbox 262 3080 479 3152; x_wconf 85' lang='lat' dir='ltr'>quam</span> <span class='ocrx_word' id='word_1_153' title='bbox 542 3055 757 3153; x_wconf 88' lang='lat' dir='ltr'>sequi.</span> <span class='ocrx_word' id='word_1_154' title='bbox 858 3056 1052 3128; x_wconf 87' lang='lat' dir='ltr'>Nam</span> <span class='ocrx_word' id='word_1_155' title='bbox 1114 3067 1199 3128; x_wconf 88' lang='lat' dir='ltr'>ut</span> <span class='ocrx_word' id='word_1_156' title='bbox 1255 3054 1554 3154; x_wconf 86' lang='lat' dir='ltr'>reliquas</span> <span class='ocrx_word' id='word_1_157' title='bbox 1600 3055 1923 3127; x_wconf 87' lang='lat' dir='ltr'>omittam</span> <span class='ocrx_word' id='word_1_158' title='bbox 1976 3067 2181 3142; x_wconf 71' lang='lat' dir='ltr'>arteS,</span> <span class='ocrx_word' id='word_1_159' title='bbox 2232 3054 2324 3128; x_wconf 91' lang='lat' dir='ltr'>de</span> 
     </span>
     <span class='ocr_line' id='line_1_23' title="bbox 262 3175 2324 3276; baseline -0 -26"><span class='ocrx_word' id='word_1_160' title='bbox 262 3177 776 3276; x_wconf 85' lang='lat' dir='ltr'>Interpretandi</span> <span class='ocrx_word' id='word_1_161' title='bbox 835 3189 983 3251; x_wconf 87' lang='lat' dir='ltr'>arte</span> <span class='ocrx_word' id='word_1_162' title='bbox 1038 3177 1578 3276; x_wconf 88' lang='lat' dir='ltr'>quotusquisque</span> <span class='ocrx_word' id='word_1_163' title='bbox 1635 3179 1732 3252; x_wconf 91' lang='lat' dir='ltr'>est</span> <span class='ocrx_word' id='word_1_164' title='bbox 1788 3179 1962 3275; x_wconf 90' lang='lat' dir='ltr'>quin</span> <span class='ocrx_word' id='word_1_165' title='bbox 2008 3175 2324 3272; x_wconf 85' lang='lat' dir='ltr'>judicare</span> 
     </span>
     <span class='ocr_line' id='line_1_24' title="bbox 264 3298 2322 3399; baseline -0.001 -26"><span class='ocrx_word' id='word_1_166' title='bbox 264 3300 391 3373; x_wconf 83' lang='lat' dir='ltr'>fibi</span> <span class='ocrx_word' id='word_1_167' title='bbox 438 3301 629 3399; x_wconf 82' lang='lat' dir='ltr'>poffe</span> <span class='ocrx_word' id='word_1_168' title='bbox 677 3302 1027 3374; x_wconf 85' lang='lat' dir='ltr'>videatur:</span> <span class='ocrx_word' id='word_1_169' title='bbox 1079 3299 1623 3399; x_wconf 89' lang='lat' dir='ltr'>quotusquisque</span> <span class='ocrx_word' id='word_1_170' title='bbox 1670 3325 1757 3373; x_wconf 81' lang='lat' dir='ltr'>ex</span> <span class='ocrx_word' id='word_1_171' title='bbox 1805 3298 2322 3372; x_wconf 85' lang='lat' dir='ltr'>innumerabili-</span> 
     </span>
     <span class='ocr_line' id='line_1_25' title="bbox 261 3420 2324 3522; baseline -0 -25"><span class='ocrx_word' id='word_1_172' title='bbox 261 3424 399 3497; x_wconf 82' lang='lat' dir='ltr'>bus</span> <span class='ocrx_word' id='word_1_173' title='bbox 448 3424 737 3522; x_wconf 83' lang='lat' dir='ltr'>Logicae</span> <span class='ocrx_word' id='word_1_174' title='bbox 788 3435 863 3496; x_wconf 89' lang='lat' dir='ltr'>et</span> <span class='ocrx_word' id='word_1_175' title='bbox 905 3422 1321 3501; x_wconf 57' lang='lat' dir='ltr'>doctoribus·</span> <span class='ocrx_word' id='word_1_176' title='bbox 1351 3433 1424 3493; x_wconf 87' lang='lat' dir='ltr'>et</span> <span class='ocrx_word' id='word_1_177' title='bbox 1468 3420 1931 3518; x_wconf 76' lang='lat' dir='ltr'>scriptoribuS,</span> <span class='ocrx_word' id='word_1_178' title='bbox 1964 3422 2138 3518; x_wconf 90' lang='lat' dir='ltr'>quin</span> <span class='ocrx_word' id='word_1_179' title='bbox 2170 3424 2324 3518; x_wconf 83' lang='lat' dir='ltr'>ejus</span> 
     </span>
     <span class='ocr_line' id='line_1_26' title="bbox 262 3541 2322 3645; baseline -0 -26"><span class='ocrx_word' id='word_1_180' title='bbox 262 3548 431 3619; x_wconf 80' lang='lat' dir='ltr'>artis</span> <span class='ocrx_word' id='word_1_181' title='bbox 464 3547 808 3620; x_wconf 86' lang='lat' dir='ltr'>rationem</span> <span class='ocrx_word' id='word_1_182' title='bbox 840 3571 923 3619; x_wconf 85' lang='lat' dir='ltr'>ac</span> <span class='ocrx_word' id='word_1_183' title='bbox 953 3557 1326 3644; x_wconf 88' lang='lat' dir='ltr'>praecepta,</span> <span class='ocrx_word' id='word_1_184' title='bbox 1362 3542 1579 3617; x_wconf 85' lang='lat' dir='ltr'>veluti</span> <span class='ocrx_word' id='word_1_185' title='bbox 1610 3567 1696 3615; x_wconf 78' lang='lat' dir='ltr'>ex</span> <span class='ocrx_word' id='word_1_186' title='bbox 1727 3541 1995 3639; x_wconf 87' lang='lat' dir='ltr'>tripode</span> <span class='ocrx_word' id='word_1_187' title='bbox 2023 3544 2322 3645; x_wconf 79' lang='lat' dir='ltr'>oracula,</span> 
     </span>
     <span class='ocr_line' id='line_1_27' title="bbox 263 3664 2322 3767; baseline 0 -25"><span class='ocrx_word' id='word_1_188' title='bbox 263 3668 638 3742; x_wconf 74' lang='lat' dir='ltr'>demutet:</span> <span class='ocrx_word' id='word_1_189' title='bbox 693 3669 900 3744; x_wconf 85' lang='lat' dir='ltr'>rudes</span> <span class='ocrx_word' id='word_1_190' title='bbox 952 3669 1260 3767; x_wconf 84' lang='lat' dir='ltr'>plerique</span> <span class='ocrx_word' id='word_1_191' title='bbox 1310 3691 1558 3741; x_wconf 85' lang='lat' dir='ltr'>omnes</span> <span class='ocrx_word' id='word_1_192' title='bbox 1606 3664 1692 3739; x_wconf 84' lang='lat' dir='ltr'>ab</span> <span class='ocrx_word' id='word_1_193' title='bbox 1741 3666 1938 3737; x_wconf 88' lang='lat' dir='ltr'>omni</span> <span class='ocrx_word' id='word_1_194' title='bbox 1984 3665 2322 3742; x_wconf 85' lang='lat' dir='ltr'>Veterum</span> 
     </span>
     <span class='ocr_line' id='line_1_28' title="bbox 268 3788 2321 3893; baseline 0 -30"><span class='ocrx_word' id='word_1_195' title='bbox 268 3790 569 3865; x_wconf 59' lang='lat' dir='ltr'>lectione</span> <span class='ocrx_word' id='word_1_196' title='bbox 611 3817 695 3864; x_wconf 85' lang='lat' dir='ltr'>ac</span> <span class='ocrx_word' id='word_1_197' title='bbox 738 3791 988 3865; x_wconf 81' lang='lat' dir='ltr'>studio,</span> <span class='ocrx_word' id='word_1_198' title='bbox 1093 3789 1291 3893; x_wconf 76' lang='lat' dir='ltr'>Quid</span> <span class='ocrx_word' id='word_1_199' title='bbox 1336 3792 1578 3888; x_wconf 89' lang='lat' dir='ltr'>igitur,</span> <span class='ocrx_word' id='word_1_200' title='bbox 1621 3788 1809 3862; x_wconf 86' lang='lat' dir='ltr'>dicat</span> <span class='ocrx_word' id='word_1_201' title='bbox 1843 3791 2024 3887; x_wconf 73' lang='lat' dir='ltr'>quia,</span> <span class='ocrx_word' id='word_1_202' title='bbox 2069 3793 2321 3863; x_wconf 82' lang='lat' dir='ltr'>cauffae</span> 
     </span>
     <span class='ocr_line' id='line_1_29' title="bbox 266 3911 2321 4014; baseline -0 -27"><span class='ocrx_word' id='word_1_203' title='bbox 266 3916 391 4004; x_wconf 83' lang='lat' dir='ltr'>est,</span> <span class='ocrx_word' id='word_1_204' title='bbox 424 3914 621 4014; x_wconf 90' lang='lat' dir='ltr'>quod</span> <span class='ocrx_word' id='word_1_205' title='bbox 670 3927 753 3987; x_wconf 89' lang='lat' dir='ltr'>tu</span> <span class='ocrx_word' id='word_1_206' title='bbox 803 3915 925 4011; x_wconf 91' lang='lat' dir='ltr'>qui</span> <span class='ocrx_word' id='word_1_207' title='bbox 972 3915 1186 3987; x_wconf 86' lang='lat' dir='ltr'>vitam</span> <span class='ocrx_word' id='word_1_208' title='bbox 1238 3914 1312 3986; x_wconf 90' lang='lat' dir='ltr'>in</span> <span class='ocrx_word' id='word_1_209' title='bbox 1357 3912 1698 3987; x_wconf 88' lang='lat' dir='ltr'>Veterum</span> <span class='ocrx_word' id='word_1_210' title='bbox 1744 3911 2043 3985; x_wconf 64' lang='lat' dir='ltr'>lectione</span> <span class='ocrx_word' id='word_1_211' title='bbox 2073 3914 2321 3986; x_wconf 90' lang='lat' dir='ltr'>consu-</span> 
     </span>
     <span class='ocr_line' id='line_1_30' title="bbox 272 4034 2327 4141; baseline -0.001 -32"><span class='ocrx_word' id='word_1_212' title='bbox 272 4036 430 4141; x_wconf 47' lang='lat' dir='ltr'>mi&amp;</span> <span class='ocrx_word' id='word_1_213' title='bbox 487 4037 1089 4134; x_wconf 85' lang='lat' dir='ltr'>Interpretationis</span> <span class='ocrx_word' id='word_1_214' title='bbox 1141 4035 1476 4110; x_wconf 87' lang='lat' dir='ltr'>rationem</span> <span class='ocrx_word' id='word_1_215' title='bbox 1525 4047 1600 4108; x_wconf 93' lang='lat' dir='ltr'>et</span> <span class='ocrx_word' id='word_1_216' title='bbox 1648 4034 1966 4107; x_wconf 88' lang='lat' dir='ltr'>officium</span> <span class='ocrx_word' id='word_1_217' title='bbox 2012 4037 2327 4108; x_wconf 86' lang='lat' dir='ltr'>oratione</span> 
     </span>
     <span class='ocr_line' id='line_1_31' title="bbox 268 4156 2324 4258; baseline -0.001 -26"><span class='ocrx_word' id='word_1_218' title='bbox 268 4158 712 4255; x_wconf 74' lang='lat' dir='ltr'>probabiliter</span> <span class='ocrx_word' id='word_1_219' title='bbox 741 4156 1088 4258; x_wconf 65' lang='lat' dir='ltr'>defigmm,</span> <span class='ocrx_word' id='word_1_220' title='bbox 1138 4183 1214 4231; x_wconf 89' lang='lat' dir='ltr'>re</span> <span class='ocrx_word' id='word_1_221' title='bbox 1258 4171 1330 4231; x_wconf 90' lang='lat' dir='ltr'>et</span> <span class='ocrx_word' id='word_1_222' title='bbox 1375 4158 1649 4232; x_wconf 60' lang='lat' dir='ltr'>actione</span> <span class='ocrx_word' id='word_1_223' title='bbox 1677 4182 1827 4229; x_wconf 88' lang='lat' dir='ltr'>non</span> <span class='ocrx_word' id='word_1_224' title='bbox 1868 4158 2034 4230; x_wconf 89' lang='lat' dir='ltr'>item</span> <span class='ocrx_word' id='word_1_225' title='bbox 2079 4158 2324 4253; x_wconf 87' lang='lat' dir='ltr'>proba-</span> 
     </span>
     <span class='ocr_line' id='line_1_32' title="bbox 266 4279 2324 4380; baseline 0 -25"><span class='ocrx_word' id='word_1_226' title='bbox 266 4280 493 4357; x_wconf 84' lang='lat' dir='ltr'>biliter</span> <span class='ocrx_word' id='word_1_227' title='bbox 537 4280 829 4380; x_wconf 81' lang='lat' dir='ltr'>exples?</span> <span class='ocrx_word' id='word_1_228' title='bbox 881 4282 1055 4380; x_wconf 87' lang='lat' dir='ltr'>quid</span> <span class='ocrx_word' id='word_1_229' title='bbox 1098 4282 1220 4370; x_wconf 87' lang='lat' dir='ltr'>est,</span> <span class='ocrx_word' id='word_1_230' title='bbox 1259 4281 1450 4379; x_wconf 90' lang='lat' dir='ltr'>quod</span> <span class='ocrx_word' id='word_1_231' title='bbox 1480 4279 2133 4355; x_wconf 62' lang='lat' dir='ltr'>Animadverfionae</span> <span class='ocrx_word' id='word_1_232' title='bbox 2180 4291 2324 4355; x_wconf 85' lang='lat' dir='ltr'>tuae</span> 
     </span>
    </p>
   </div>
  </div>
 </body>
</html>
