3067 5225
445 496 549 558 DE
588 497 942 559 EDUCAT.
984 498 1451 561 PUERORUM.
1492 520 1550 578 p.
1577 509 1667 559 10.
1697 500 2121 571 F.-11.A,B.
2207 511 2322 575 129

250 685 444 739 σαν-τι,
473 661 837 750 φθεγξαμένῳ
863 664 917 727 δὲ
941 664 1249 740 πολλάκιςε
1296 666 1439 751 ςἰιώ
1469 663 1608 750 ipfis
1639 664 1839 729 verbis
1867 665 2014 729 sun't
2039 662 2148 727 illa
2173 664 2318 728 moss

254 761 344 827 do
393 766 673 851 apposita
722 765 1041 834 Plutarchi
1091 789 1156 852 p.
1196 786 1270 831 12
1273 781 1340 850 5.
1381 767 1446 829 D
1476 792 1493 829 z
1560 779 1628 830 et
1679 766 1835 830 item
1891 768 2004 831 sub
2058 765 2321 831 nomine

254 864 586 951 Apollonii
640 867 947 953 leguntur
996 867 1063 931 in
1122 869 1379 932 Stobaeo
1433 869 1640 933 Serm.
1691 870 2014 933 XXXIII.
2067 872 2136 956 p.
2169 888 2318 949 214.

253 966 376 1029 Th.
415 967 778 1055 Gatakerus
821 967 1150 1033 Adversar.
1197 969 1514 1034 Posthum.
1562 970 1722 1056 Cap.
1765 971 2020 1033 XXXI.
2069 991 2137 1055 p.
2170 983 2317 1054 759.

256 1064 394 1132 haec
438 1069 715 1134 contulit
757 1091 907 1133 cum
951 1069 1349 1134 Menandrea
1392 1069 1726 1149 sententia,
1759 1067 2024 1133 ‘'Anam-a
2065 1067 2317 1150 μεταμέι-

255 1181 401 1230 λειαν
428 1170 730 1256 ἀνθρώποις
756 1168 922 1257 φέρει,
954 1170 1109 1248 Μόνη
1137 1175 1309 1248 σιωπὴ
1337 1168 1711 1253 μεταμέλειαν
1739 1173 1797 1231 οὐ
1824 1169 1986 1255 φέρει.

248 1332 257 1337 .
343 1288 443 1332 10.
470 1272 543 1334 F.
572 1270 689 1332 οἶδα
712 1268 959 1355 ἀκέο-ας]
1009 1272 1216 1336 Fando
1244 1271 1482 1351 audivi,
1515 1271 1816 1336 consueta
1842 1270 2318 1357 significatione·-

247 1371 355 1437 Est
391 1372 503 1437 ubi
542 1386 745 1457 notat,
787 1372 915 1437 Scio
954 1397 1042 1437 me
1078 1374 1390 1460 audiviffi’.
1464 1372 1776 1439 Videatur
1805 1373 2193 1438 Abreschius
2236 1375 2319 1440 ad

252 1474 610 1539 Aristaenet.
644 1476 698 1538 I.
725 1495 793 1556 4.
825 1496 890 1560 p.
924 1476 1026 1539 18.
2297 1498 2308 1521 ·

334 1597 402 1661 p.
434 1595 535 1639 11.
565 1578 652 1641 A.
696 1582 787 1640 Τὲ
813 1575 1473 1658 Φιλαδέλφε-Σωῖάὸης
1500 1577 1792 1664 εἰπὼν,-]
1845 1578 1950 1641 De
1993 1578 2321 1645 Ptolemaei

260 1676 653 1763 Philadelphi
696 1699 847 1743 cum
890 1679 1100 1743 sorore
1132 1679 1397 1743 Arsinoe
1429 1680 1667 1766 nuptiis
1687 1679 1982 1743 'videatur
2021 1680 2102 1743 ad
2147 1682 2318 1746 Sim-

256 1778 385 1845 soni
415 1779 666 1844 Chron.
696 1781 1010 1845 Anno.A.
1038 1780 1118 1844 C.
1146 1794 1293 1864 275.
1325 1782 1593 1844 omnino
1621 1783 2097 1871 WVess‘elingiuS.
2131 1786 2318 1849 Sota-

260 1879 349 1945 dis
374 1896 587 1968 poctae
615 1881 1059 1947 maledicentia
1096 1897 1165 1946 et
1200 1883 1579 1947 obscoenitas
1615 1884 1892 1949 Sotadeo
1924 1885 2187 1950 carmini
2219 1887 2319 1950 in-

261 1982 515 2049 famiam
558 1984 840 2048 nominia
877 1982 1162 2049 addidit:
1221 2005 1348 2070 qua
1390 1983 1473 2048 de
1514 2007 1583 2049 re
1632 1986 1776 2048 satis
1816 1986 1902 2050 est
1952 1988 2321 2073 memoraffe

262 2106 451 2153 unum
485 2110 564 2150 ex
593 2086 1049 2151 recentioribus
1086 2084 1441 2150 Fabricium
1470 2085 1639 2150 Bibl.
1671 2088 1784 2150 Gr.
1816 2086 1967 2153 Vol.
1998 2089 2049 2151 I.
2081 2109 2144 2174 p.
2171 2073 2319 2175 789.

256 2187 354 2253 De
390 2190 523 2253 hoc
560 2187 691 2275 ipso
720 2188 787 2251 in
819 2187 1306 2273 Philadelphum
1339 2186 1721 2273 jacio-versu
1759 2211 1888 2252 non
1925 2204 2319 2275 praetereun—

262 2290 371 2356 dus
412 2293 505 2357 est
544 2292 903 2356 Athenaeus
932 2293 1118 2356 XIV.
1163 2314 1231 2378 p.
1261 2294 1410 2358 620.
1441 2305 1508 2355 et
1535 2294 1684 2355 621.
1724 2292 1803 2356 dc
1844 2293 2080 2358 Sotade
2108 2308 2175 2358 et
2202 2294 2324 2358 alia

264 2409 323 2457 et
345 2392 471 2459 hoc
502 2394 778 2459 referens
807 2418 823 2456 ε
871 2394 1062 2481 εἶςῆκει
1090 2397 1207 2479 γὰρ
1237 2397 1307 2466 εἰς
1332 2395 1424 2456 τὸν
1449 2392 1701 2471 βασιλέα
1738 2399 2092 2475 Πτολεμαῖον
2115 2401 2324 2458 πολλὰ

266 2499 415 2577 δεινοὶ,
444 2503 597 2586 ἀτὰρ
624 2497 718 2577 καὶ
744 2497 891 2578 τάδε,
919 2496 1006 2561 ὅτε
1032 2501 1145 2576 τὴν.
1164 2500 1397 2580 ἀδελφὴν
1427 2497 1711 2584 Ἀρσινόην
1738 2499 2101 2582 ἐγεγαμήκει,
2148 2506 2195 2539 “
2224 2505 2326 2576 Εἷς

265 2606 306 2640 “
334 2605 415 2690 ἐχ
444 2600 595 2682 ὁσίην
617 2600 926 2691 τρυμαλίην
947 2602 1011 2664 τὸ
1039 2599 1253 2689 κέντρον
1280 2600 1491 2675 omnig?
1547 2598 1880 2688 Πάτροκλος
1911 2596 1974 2664 ὗν
2004 2606 2030 2663 ὁ
2055 2607 2128 2665 τῦ
2157 2606 2320 2666 Πτοὲ

262 2708 459 2787 negata
490 2708 762 2794 ςρατηγός
798 2710 851 2768 ἔν
886 2704 1089 2790 Καύνῳ
1127 2710 1197 2790 τῇ
1235 2703 1378 2790 νῆσῳ
1398 2699 1604 2767 .λα6ὦν
1633 2704 1796 2765 αὐτὸν
1833 2700 1926 2783 κα)
1966 2707 2039 2778 εἷς
2079 2702 2323 2787 μολῦὅην

263 2807 524 2894 κεραμίδα
571 2805 851 2892 ἐμὸαλῶν,
891 2805 985 2887 καὶ
1026 2805 1334 2892 ἀναγαγὼν
1375 2811 1447 2880 εἷς
1495 2808 1560 2870 τὸ
1606 2805 1873 2892 πέλαγος
1918 2807 2320 2872 κατεπόντωσε.

264 2908 426 2974 Hinc
470 2910 581 2975 sua
621 2909 818 2974 habet
852 2906 1214 2973 Eustathius
1257 2906 1559 2973 eumdem
1591 2908 1835 2991 versum
1881 2929 2210 2995 apponens
2239 2908 2323 2972 ad

266 3007 333 3072 11.
361 3016 450 3075 Π.
499 3033 565 3098 p.
599 3012 784 3096 1069.
821 3028 923 3073 11.
994 3009 1278 3074 Breviter
1310 3031 1447 3074 rem
1486 3023 1697 3073 narrat
1738 3009 1959 3074 Schol.
1992 3009 2322 3094 Hephaest.

256 3129 320 3194 p.
347 3113 409 3176 6.
496 3111 745 3198 Atti‘git
777 3111 997 3176 locum
1033 3124 1102 3175 et
1127 3109 1591 3176 Valckenarius
1631 3109 1716 3173 ad
1759 3110 1978 3196 Eurip.
2026 3108 2320 3173 Phoeniff.

260 3232 321 3296 p.
347 3215 497 3278 600.
569 3212 798 3278 Eidem
838 3212 975 3300 regi
1017 3211 1083 3277 in
1125 3212 1351 3277 eadem
1386 3211 1594 3275 cauffa
1620 3210 1915 3276 adulatus
1944 3211 2029 3277 est
2057 3211 2319 3297 rhapso-

258 3310 371 3377 dus
394 3313 751 3379 Homerico
779 3314 976 3392 versu,
1007 3311 1180 3399 quod
1211 3310 1423 3398 prodit
1454 3310 1830 3375 Plutarchus
1868 3305 2162 3398 Sympos.
2198 3312 2319 3377 IX.

258 3432 319 3497 p.
348 3415 497 3499 736.
527 3417 623 3478 Et
671 3411 763 3494 καὶ
788 3418 816 3475 ὁ
846 3414 947 3496 μὶν
972 3414 1220 3501 ῥαψῳδὸς
1256 3413 1413 3486 εὐθὺς
1441 3409 1501 3488 ἦν
1528 3413 1618 3474 διὰ
1644 3411 1883 3492 ς’ὄματος
1908 3418 2098 3490 πᾶσιν,
2130 3416 2182 3474 ἐν
2210 3415 2322 3486 τοῖς

260 3514 593 3597 Πτολεμαίε
620 3514 828 3600 γάμοις
853 3512 1103 3599 ἆγομᾶνε
1136 3516 1232 3591 τὴν
1266 3514 1522 3595 ἀδελφὴν,
1559 3513 1602 3598 ’31
1629 3517 1892 3598 πρᾶγμα
1918 3514 2044 3597 ὃρᾷν
2071 3513 2318 3578 ἀλλόκο-

257 3640 345 3680 τον
370 3616 582 3700 οἰομένας
612 3615 706 3696 καὶ
729 3614 998 3699 ἄθεσμον,
1025 3614 1327 3703 ἀρξάμενος
1361 3617 1470 3677 ἀπὸ
1503 3622 1612 3677 τῶν
1644 3618 1781 3677 ὀπῶν
1825 3612 2054 3694 busim,
2106 3621 2157 3655 “
2184 3617 2323 3691 Ζεὺς

250 3724 307 3784 .“
334 3721 376 3781 δ’
391 3717 574 3808 ‘Hem
601 3718 875 3784 ἐκάλεσα-ι
902 3720 1237 3802 mamm-flu
1264 3714 1478 3803 ἄλοχόν
1502 3718 1618 3778 re?
1687 3715 1793 3779 Est
1838 3715 1916 3780 Il.
1948 3721 2036 3780 Π.
2064 3736 2215 3802 432.
2254 3732 2322 3783 et

248 3817 333 3885 Σ.
356 3821 507 3904 356.
536 3819 651 3884 ubi
675 3817 914 3905 legitur
934 3814 1234 3905 προσέειπε.
1293 3815 1404 3880 Ab
1429 3814 1653 3879 eadem
1678 3809 2150 3901 comparatione
2178 3817 2319 3883 lau-

255 3917 577 3985 dationem
636 3917 965 3984 Ptolemaei
1008 3917 1193 3982 duxit
1237 3916 1619 3982 Theocritus
1670 3915 1860 4004 Idyll.
1901 3918 2119 3983 XVII.
2173 3938 2318 4004 130.

255 4019 640 4107 Hujusmodi
686 4018 1078 4085 matrimonii
1120 4018 1487 4104 exemplum
1535 4017 1618 4082 ab
1658 4018 1989 4105 AEgyptiis
2040 4032 2319 4096 venerat,

253 4122 482 4206 quibua
504 4123 615 4188 iste
640 4145 781 4190 moe
809 4121 1050 4209 patrius
1080 4133 1150 4186 et
1177 4120 1507 4208 legitimus
1535 4118 1698 4185 fuit:
1745 4133 1823 4184 ut
1846 4118 2041 4185 docet
2066 4117 2317 4186 Wess‘e-

252 4222 489 4310 lingius
514 4223 597 4288 ad
622 4224 896 4290 Diodor.
928 4224 1056 4288 Sic.
1090 4223 1144 4286 1.
1174 4237 1278 4306 27.
2005 4219 2012 4224 ’

343 4345 373 4390 1
388 4347 444 4391 1.
465 4329 556 4407 A,
574 4327 654 4391 B.
700 4325 1370 4415 Θόκςιῖος--ωςφύριος
1394 4323 1618 4410 Ὁμῆςε
1646 4322 1910 4406 θάνατος]
1959 4318 2318 4384 Athenaeus

254 4448 335 4494 ex
361 4426 844 4517 Agatharchide
871 4443 939 4493 et
970 4424 1327 4512 Phylarcho
1346 4426 1501 4489 XII.
1532 4446 1600 4510 p.
1619 4436 1770 4510 539.
1798 4425 1869 4488 F.
1899 4421 2026 4506 seq.
2044 4417 2318 4506 Ἔγραψε

350 4549 523 4596 vot..
554 4549 663 4596 vt.
1285 4545 1335 4591 K
