3067 5225
724 465 808 524 60
893 464 1015 523 AN
1018 459 1310 524 IMADV.
1339 464 1435 523 IN
1462 465 1608 522 LIB.
1637 463 1744 523 DE
1775 463 2119 524 EDUCAT.
2149 463 2616 523 PUERORUM.

723 625 840 705 tio,
871 648 988 692 nee
1018 611 1406 707 distfibutiog
1452 626 1545 691 nn
1570 626 1651 692 de
1678 626 2033 692 Dialeaica
2058 639 2124 691 et
2156 626 2413 714 Phyfica
2433 650 2454 689 t
2510 624 2780 690 Momm

723 745 867 810 pars
909 724 1202 788 laudatur
1242 723 1577 803 rhetorice,
1621 724 1778 789 locis
1826 724 2299 803 communibus„
2353 724 2532 788 nulla
2581 745 2775 808 argu-

723 825 925 889 menti
952 824 1394 910 explicatione,
1422 824 1752 890 differendi
1783 825 2024 889 ratione
2052 824 2247 889 nulla.

810 927 878 988 P.
908 925 969 988 8.
1000 927 1091 989 B:
1137 923 1332 999 Οὕτως
1361 926 1748 988 ἐπολιτεύσατο
1774 931 2072 1010 Περικλῆς,
2103 921 2241 997 ἔτους
2274 924 2567 1010 Ἀρχύτας
2594 928 2619 985 ὅ
2645 928 2777 985 Τοι-

720 1028 979 1112 ςοιντῖνος,
1006 1022 1171 1097 οὕτως
1198 1024 1344 1087 Δίων
1381 1029 1407 1087 ὁ
1446 1023 1815 1109 Συρακέσιος,
1865 1021 2002 1097 ἔτους
2034 1023 2445 1105 Ἐπαμινώνδας
2474 1028 2500 1084 ὁ
2528 1020 2777 1100 Θηὸαἶος

720 1154 855 1192 κ.τ.
873 1142 937 1190 λ.
1024 1129 1187 1192 Haec
1214 1128 1301 1191 est
1331 1128 1538 1191 oratio
1564 1126 2040 1206 rhetoriss‘antiS,
2071 1148 2201 1190 non
2243 1124 2776 1212 philosophantiS,

721 1251 841 1293 nec
868 1241 1041 1293 certe
1071 1227 1414 1292 Plutarchi.

807 1333 877 1395 P.
910 1350 1007 1415 13.
1039 1332 1142 1394 A:
1185 1334 1314 1403 Τοῖς
1338 1331 1515 1393 παισὶ
1541 1334 1653 1404 τοῖς
1677 1329 1935 1403 arnecto&
1960 1335 2006 1391 οἳ
2030 1327 2257 1416 πατέρες
2293 1329 2459 1410 νῆφειν
2486 1333 2774 1414 παραινεῖ-

718 1457 829 1510 σιν,
869 1438 917 1494 οἶ
961 1432 1014 1494 δῖ
1062 1430 1295 1512 μεθύειν·
1341 1438 1643 1516 σωφρονεῖν,
1690 1437 1736 1495 οἶ
1778 1431 1832 1493 δὲ
1875 1430 2240 1513 ἀσελγαίνειν·
2290 1428 2589 1512 φυλᾶτῖειν,
2634 1433 2681 1490 οἶ
2723 1429 2780 1489 δὲ

718 1509 993 1617 Scutariis:
1027 1539 1320 1618 φιλεργὲἰν,
1353 1538 1399 1594 οἶ
1426 1533 1479 1593 δὲ
1506 1538 1782 1619 ῥᾳθυμεῖν·
1833 1558 1892 1595 κ.
1909 1557 1969 1595 τ.
1992 1546 2052 1593 λ.
2117 1533 2242 1594 Hae
2269 1531 2414 1594 sunt
2441 1528 2780 1594 antitheses

717 1646 972 1720 patrum
1008 1643 1076 1696 et
1110 1632 1541 1697 adulatorum.
1616 1635 1987 1719 Sequuntur
2012 1629 2237 1695 eadem
2266 1631 2523 1717 pagina,
2553 1631 2631 1708 E,
2661 1651 2777 1715 pa·
2855 1667 2860 1670 -

717 1750 890 1802 trum
936 1737 1146 1801 secum
1190 1737 1331 1823 ipsis
1372 1736 1716 1802 antitheses
1757 1737 1939 1801 variis
1981 1736 2373 1822 temporibus
2415 1734 2580 1799 varie
2619 1733 2780 1799 filios

717 1838 1404 1921 tmRantium—bpaiw
1446 1841 1603 1918 ποτὲ,
1655 1845 1814 1903 ἀλλὰ
1861 1838 1954 1919 κα)
1987 1841 2324 1926 χορήγησον·
2389 1835 2781 1922 ἠγανάκτησάς

714 1966 868 2020 ποτε,
910 1945 1070 2004 ἀλλὰ
1114 1939 1205 2019 κα)
1248 1940 1537 2025 σῦγῖνωθι·
1588 1939 1890 2018 {Gentiano-5
1933 1966 2082 2003 σοτε
2127 1942 2191 2001 δι’
2234 1937 2440 2017 οἰκέτιν,
2481 1942 2577 2015 τὴν
2617 1939 2782 2023 δςγῆν

716 2042 964 2127 κατάχεε·
1013 2045 1072 2119 ἐξ
1115 2047 1268 2128 ἆγςέ
1307 2067 1438 2105 ποτε
1483 2049 1667 2125 ζεῢγος
1708 2041 1979 2123 ἀφείλετο,
2024 2039 2163 2117 ἦλθέ
2201 2065 2333 2102 ποτε
2362 2041 2568 2123 χθιζῆς
2607 2037 2782 2118 μέθης

717 2143 1014 2221 ἀποπνέων,
1043 2141 1326 2225 ἀγνόησον·
1373 2141 1556 2227 faigm
1582 2140 1814 2222 ἀπόζων,
1843 2141 2093 2224 σίγησον·
2144 2137 2255 2201 ἕτω
2283 2145 2570 2224 σκιρτῶσα
2604 2137 2783 2213 νεότης

713 2245 1162 2323 πωλοδαμνὸταμ.
1252 2243 1417 2305 Haec
1469 2241 1977 2305 admonitionum
2025 2239 2295 2304 brevitas
2341 2239 2446 2302 cui
2491 2236 2782 2302 videatur

716 2342 938 2422 Stoici,
969 2341 1241 2405 maxime
1269 2340 1603 2427 Epictetei,
1630 2340 2030 2418 characteri&
2060 2341 2180 2403 effe
2199 2365 2217 2402 :
2263 2339 2408 2403 sane
2437 2338 2474 2400 fi
2505 2337 2780 2402 brevitas

715 2444 941 2530 sponte
985 2456 1134 2507 nata
1174 2453 1543 2529 appareret:
1592 2463 1762 2505 nunc
1803 2441 1911 2504 illa
1937 2440 2255 2506 curiofitas
2293 2440 2359 2504 in
2395 2439 2681 2526 paritatis
2710 2454 2779 2504 et

716 2545 937 2631 figurae
966 2542 1447 2608 continuatione
1480 2541 1765 2628 quemvis
1809 2542 2023 2629 potius
2067 2541 2411 2622 rhetorem,
2443 2563 2630 2628 quam
2662 2556 2777 2606 aut

717 2645 1191 2731 philosophum,
1218 2654 1329 2708 aut
1360 2643 1626 2707 omnino
1657 2643 2068 2708 Plutarchum
2098 2645 2333 2730 prodit.

800 2744 976 2837 Quid
1024 2744 1224 2830 igitur
1272 2744 1558 2809 dicamus
1602 2744 1683 2809 de
1729 2745 2109 2831 Heusingeri
2151 2746 2474 2831 opinione,
2518 2756 2779 2830 propter

716 2843 883 2907 hanc
911 2843 1214 2906 orationis
1236 2841 1610 2906 brevitatem
1639 2843 1814 2909 hunc
1850 2842 2133 2907 libellum
2180 2865 2218 2907 a
2264 2844 2602 2908 Plutarcho
2632 2843 2775 2930 jam

710 2942 953 3008 seniore
995 2943 1297 3028 scriptum
1346 2943 1720 3008 censentis?
1769 2943 1945 3031 Quid
1979 2943 2175 3022 aliud,
2215 2942 2323 3008 nifi
2364 2944 2775 3008 adolescentis

714 3043 893 3108 fuiffe
922 3043 1093 3109 istam
1119 3043 1485 3129 opinionem
1517 3044 1696 3109 nullo
1738 3045 1948 3109 adhuc
1991 3046 2105 3111 usu
2150 3045 2540 3110 Plutarcheae
2578 3045 2774 3132 scrip-

712 3142 906 3206 tionis
954 3142 1214 3207 subaffl.
1303 3143 1610 3207 Haeccine
1659 3144 1854 3208 fuerit
1905 3144 2223 3210 Plutarchi
2274 3145 2585 3224 senectus,
2637 3158 2773 3212 tam

712 3236 946 3309 diversa
974 3243 1132 3323 stilo,
1163 3257 1295 3308 tam
1322 3265 1534 3309 rerum
1565 3245 1749 3331 inops
1776 3248 1796 3308 ἲ
1849 3248 1934 3309 Et
1973 3245 2409 3309 adolescentiae
2449 3257 2515 3308 et
2539 3246 2769 3310 ‘senec-

710 3347 838 3410 tuti
884 3347 1014 3432 ipsa
1057 3358 1281 3411 natura
1318 3359 1387 3410 et
1423 3360 1576 3410 aetas
1604 3347 1810 3412 adfert
1840 3346 2324 3412 redundantiam
2352 3373 2370 3410 :
2415 3346 2506 3411 illi
2533 3347 2600 3410 in
2630 3370 2769 3412 ver-

710 3447 831 3526 bis,
872 3448 1112 3534 figuti&
1161 3460 1231 3512 et
1272 3447 1722 3513 sententiarum
1762 3447 2149 3512 luminibus:
2195 3447 2344 3511 huic
2384 3448 2446 3509 in
2480 3469 2770 3511 comme-

710 3548 1068 3614 moratione
1096 3571 1305 3614 rerum
1335 3549 1977 3636 admonitionumque
2005 3549 2103 3614 vel
2143 3572 2180 3613 a
2208 3548 2514 3614 doctrina:
2542 3550 2769 3636 copiiS,

710 3649 808 3713 vel
834 3649 916 3714 ab
943 3648 1345 3733 experientiae
1373 3650 1805 3715 observatione
1839 3650 2216 3714 oblatarum.
2305 3649 2645 3715 Rhetorica
2671 3653 2768 3717 vi—

708 3750 943 3815 dentur
977 3772 1017 3813 a
1047 3750 1285 3837 juvene
1330 3751 1672 3816 Plutarcho
1716 3750 2018 3815 tractata:
2067 3750 2379 3837 juveniles
2422 3750 2578 3815 item
2623 3752 2772 3818 sunt

708 3849 1076 3936 scriptiones
1119 3849 1440 3935 Consolatio
1480 3852 1570 3913 ad
1604 3849 2009 3937 Apollonium,
2054 3864 2121 3914 et
2162 3850 2540 3939 Reprehensio
2569 3852 2768 3917 Hero-

709 3951 873 4015 doti.-
917 3949 1148 4028 senilis,
1194 3971 1276 4013 ne
1318 3948 1469 4013 alias
1512 3951 1747 4032 dicam,
1777 3952 1884 4015 An
1903 3951 2044 4038 fini
2074 3953 2343 4038 gerenda
2365 3953 2458 4037 stt
2493 3953 2662 4042 qup.
2701 3955 2768 4020 in

707 4054 987 4141 utrisque
1030 4068 1243 4118 tamen
1292 4052 1701 4120 Plutarchum
1734 4057 2060 4143 agnoscas,
2103 4079 2252 4121 cum
2297 4057 2434 4120 aliis
2473 4057 2537 4120 in
2567 4059 2768 4143 parti-

705 4158 850 4236 buS,
902 4169 1042 4220 tum
1097 4154 1164 4219 in
1216 4153 1658 4219 redundantia.
1752 4158 2027 4222 Platonis
2083 4158 2276 4222 libros
2331 4160 2429 4221 De
2478 4158 2768 4251 Legibus,

709 4259 998 4324 Isocratis
1038 4256 1576 4338 Panathenaicam,
1623 4259 1872 4324 Libanii
1915 4262 2266 4326 orationem
2308 4262 2409 4325 De
2445 4262 2583 4325 Wta
2614 4262 2768 4344 Suet,

707 4373 781 4425 ut
811 4358 1137 4427 Ciceronis
1164 4357 1562 4446 aliorumque
1589 4359 1816 4448 scripta
1847 4384 1930 4427 ne
1966 4382 2358 4428 memorem:
2405 4361 2525 4430 hos
2569 4362 2769 4450 igitur
