3067 5225
813 475 893 543 44
979 483 1391 546 ANIMADV.
1422 486 1516 546 IN
1547 473 1694 548 Lm.
1718 487 1827 550 DE
1849 485 2197 549 EDUCAT.
2228 475 2695 554 PUERORUM.

888 647 1009 711 IV.
1070 649 1388 736 Praecepta
1431 648 1624 737 hujus
1667 650 1865 715 libelli
1910 650 2322 717 continentur
2356 652 2514 744 locis
2552 640 2840 720 commu-

804 745 1015 827 nibus,
1045 749 1366 814 sententiis
1396 750 1734 830 tralatitiiS,
1770 752 1885 816 five
1911 752 2033 816 levi
2061 775 2135 818 ac
2164 751 2470 820 mediocri
2497 761 2839 843 paucorum

801 865 871 917 et
913 845 1549 940 frequentissimorum
1595 854 1953 920 Aufiorum
2002 855 2296 937 lectione,
2347 859 2464 924 five
2507 881 2586 924 ex
2631 861 2841 946 quoti-

798 951 1004 1018 dianae
1032 953 1175 1018 vitae
1196 955 1487 1019 sermone
1511 956 1833 1042 susceptis.
1918 956 2173 1045 Quibus
2216 959 2663 1024 confirmandis
2701 983 2841 1047 quae

797 1053 1180 1121 adhibentur
1205 1054 1614 1120 auctoritates
1640 1055 1740 1121 vel
1765 1058 1847 1121 ab
1873 1057 2177 1144 exemplis
2205 1058 2533 1139 historiciS,
2558 1060 2657 1125 vel
2683 1061 2837 1126 alio·

794 1177 941 1220 rum
972 1156 1230 1221 nomine
1256 1169 1323 1220 et
1349 1156 1574 1236 effatiS,
1604 1156 1848 1242 petitae,
1877 1157 1942 1222 in
1972 1157 2194 1223 eadem
2222 1158 2369 1225 sunt
2395 1159 2672 1227 levitate.

879 1259 965 1322 V.
1020 1259 1117 1322 Ex
1162 1255 1553 1344 Philosophia
1580 1280 1746 1321 unus
1786 1258 1872 1322 est
1911 1259 2112 1339 Plato,
2155 1258 2338 1346 cujus
2366 1261 2480 1326 sub
2509 1261 2695 1348 ipfius
2720 1287 2836 1330 no·-

793 1355 967 1421 mine
994 1365 1401 1442 apponuntur
1427 1356 1794 1436 sententiae3
1838 1357 1945 1422 sed
1971 1379 2092 1423 nec
2119 1359 2392 1444 amplius
2423 1360 2624 1426 tribus
2655 1361 2835 1444 locis,
2929 1433 2938 1438 ,

792 1479 912 1528 nec
949 1469 1024 1520 ut
1058 1455 1471 1542 philosophiae
1507 1455 1777 1543 placita:
1826 1456 2030 1543 magis
2067 1457 2457 1523 auctoritatis
2484 1473 2553 1524 et
2578 1474 2838 1528 ornatus

788 1549 1017 1622 caussa.
1102 1554 1460 1642 Euripideae
1489 1570 1713 1642 quater
1743 1554 2122 1623 laudantur:
2170 1581 2313 1645 quae
2352 1580 2470 1647 pro
2516 1561 2835 1628 Plutarchi

787 1657 1263 1725 consuetudine·
1298 1656 1505 1722 multo
1561 1657 1772 1742 plures
1826 1656 1947 1723 effe
2011 1656 2349 1724 debebant.
2464 1660 2831 1743 Homerica,

788 1760 1004 1825 nulla:
1061 1757 1392 1837 Hesiodea,
1439 1781 1607 1823 una:
1665 1758 1822 1823 item
1871 1758 2229 1847 Phocylidis
2273 1774 2341 1826 et
2385 1761 2662 1841 sotadis,
2702 1785 2832 1828 una

785 1859 1127 1948 cujusque:
1176 1858 1364 1923 semel
1392 1859 1807 1945 Epigramma
1836 1858 2060 1924 incerti
2089 1875 2342 1947 poetae:
2389 1862 2833 1928 Demosthenis

778 1961 962 2027 locus
996 1977 1206 2026 ‘unua
1292 1957 1389 2024 Ex'
1434 1957 1555 2024 hac
1605 1960 1925 2043 paucitate
1976 1962 2043 2025 in
2095 1962 2427 2027 laudandis
2470 1964 2830 2029 Auaorum

777 2055 1125 2141 sententiie,
1132 2073 1135 2076 '
1165 2073 1232 2126 et
1260 2057 1716 2147 plerorumque
1753 2060 2100 2140 omissione,
2135 2061 2273 2148 jam
2308 2062 2448 2147 quis
2486 2064 2832 2149 suspicetur

780 2162 1191 2229 Plutarchum
1234 2159 1427 2246 hujus
1467 2158 1665 2222 libelli
1702 2158 2069 2244 scriptorem
2101 2182 2229 2224 non
2268 2160 2831 2230 effe.Caete1-um

776 2263 952 2352 quod
978 2265 1090 2329 sub
1118 2263 1308 2328 finem
1340 2260 1761 2349 Pythagorica
1786 2260 2093 2347 symbola,
2120 2262 2287 2347 quali
2316 2284 2354 2328 e
2383 2262 2583 2342 sacco,
2614 2264 2827 2330 effun-

774 2366 1039 2445 duntur,
1069 2363 1282 2451 potius
1311 2360 1619 2426 inscitiam
1648 2382 1838 2445 quam
1867 2357 2217 2426 doctri-nam
2248 2360 2530 2450 prodit.-

866 2469 987 2534 VI.
1055 2462 1435 2551 Frequentia
1483 2462 1630 2525 sunt
1676 2461 1967 2547 exempla
2020 2461 2347 2527 historica:
2417 2483 2621 2549 eaque
2675 2466 2821 2531 sane

769 2569 947 2635 hunc
989 2563 1275 2631 libellum
1308 2560 1614 2651 jucunda
1640 2560 1939 2627 varietate
1982 2560 2413 2651 distinguunt·
2393 2611 2412 2644 ,
2472 2562 2560 2628 ita
2602 2577 2820 2633 tamen

769 2682 846 2734 ut
883 2666 1189 2732 nonnulla
1224 2686 1446 2729 eorum
1483 2684 1636 2728 eum
1665 2685 1793 2728 non
1839 2685 1878 2727 a
1923 2663 2261 2729 Plutarcho
2290 2665 2594 2751 scriptum
2622 2689 2817 2754 argu-

765 2782 902 2848 ant,
947 2767 1179 2854 partim
1221 2767 1302 2831 ab
1346 2766 1474 2851 ipsa
1499 2763 1783 2843 veritate,
1817 2765 2046 2850 partim
2081 2788 2120 2829 a
2145 2766 2387 2831 ratione
2413 2786 2541 2853 qua
2572 2768 2637 2831 in
2664 2790 2816 2856 ger-

765 2868 971 2935 manis
1031 2864 1352 2932 Plutarchi
1405 2864 1581 2929 libris
1625 2864 2013 2943 referuntur,
2066 2864 2504 2933 dissentientia.
2590 2868 2816 2933 Veluti

765 2968 925 3035 illud
968 2968 1133 3055 Cap.
1162 2968 1252 3031 11.
1294 2988 1358 3052 p.
1395 2985 1454 3029 1·.
1483 2966 1573 3029 D.
1618 2962 1699 3028 de
1733 2964 2180 3030 Themistoclis
2220 2966 2351 3031 filio
2389 2966 2573 3033 aliter
2607 2969 2697 3033 est
2742 2956 2810 3035 ih

760 3073 917 3138 Vita
951 3066 1386 3137 Themistoclis
1426 3090 1494 3155 p.
1526 3067 1667 3133 128.
1697 3068 1773 3131 B.
1816 3080 1882 3132 et
1919 3068 2416 3157 Apophthegm.
2450 3092 2516 3158 p.
2543 3072 2685 3156 185.
2716 3073 2807 3138 D.

760 3164 1079 3259 stilponis'
1109 3169 1349 3235 sactum
1394 3167 1766 3253 dictumque
1809 3166 1891 3231 ad
1933 3168 2338 3234 Demetrium
2387 3168 2809 3237 Poliorcetet‘n

761 3266 927 3360 Cap.
950 3262 1134 3337 VIII.
1175 3292 1240 3356 p.
1264 3284 1328 3354 5.
1362 3271 1431 3333 F.
1471 3266 1655 3331 aliter
1690 3267 1959 3332 refertur
1994 3290 2033 3332 a
2068 3267 2405 3335 Plutarcho
2442 3270 2579 3335 aliis
2606 3271 2805 3354 locis}

754 3374 953 3441 altero
994 3375 1099 3439 De
1138 3370 1361 3436 Animi
1401 3368 1884 3456 Tranquillitate
1925 3391 1991 3457 p.
2011 3385 2159 3455 475.
2192 3370 2272 3436 C.
2317 3371 2525 3438 obiter
2559 3384 2629 3437 et
2653 3373 2802 3439 bre-

753 3476 937 3557 vius}
972 3473 1202 3539 ’altero
1251 3471 1530 3554 uberim,
1590 3482 1666 3535 ut
1712 3469 1778 3534 in
1828 3469 2101 3551 historia,
2159 3470 2228 3536 in'
2279 3472 2434 3539 Vita
2486 3472 2808 3541 Demetrii

754 3599 825 3666 p.
855 3578 1001 3664 893.
1029 3574 1131 3639 A:
1186 3586 1493 3663 praeterea
1531 3570 1691 3636 illud
1734 3570 1958 3635 falsum
2001 3572 2068 3636 et
2110 3571 2342 3637 horum
2385 3573 2804 3641 Plutarcheo-
2837 3594 2846 3601 ·

751 3688 897 3742 rum
944 3675 1232 3740 locorum
1276 3671 1638 3737 au&mitati
1681 3678 2066 3758 repugnans,
2112 3673 2518 3739 Demetrium
2563 3677 2800 3762 Mega-

748 3786 884 3843 ra‘r‘n
911 3776 1041 3841 folo
1071 3773 1355 3859 aequa'ffc,
1385 3777 1456 3847 εἷς
1484 3772 1674 3855 ἔδαφος
1689 3769 1996 3837 'uerbenae
2058 3771 2381 3839 Theocriti
2411 3774 2564 3841 Chii
2581 3775 2801 3843 'dicte‘-

746 3878 916 3945 rium
955 3876 1021 3939 in
1064 3873 1472 3959 Antigonum
1512 3894 1737 3960 regem
1781 3884 1849 3936 et
1885 3870 2118 3951 caedee,
2162 3873 2326 3961 Cap.
2357 3876 2540 3941 XIV.
2587 3890 2795 3963 p.'11·.

742 3980 822 4048 B.
854 3979 934 4043 C.
962 3975 1219 4040 ‘diverso'
1254 3973 1450 4039 modo
1478 3976 1768 4038 narratur
1802 3996 1841 4037 a
1878 3972 2216 4039 Plutarcho
2244 3977 2828 4064 Symposiacarum‘

741 4078 1848 4176 Quaestionum,11.1.p.633.C,
1894 4090 1970 4142 'ut
2008 4076 2461 4166 Heusingerus,
2489 4092 2638 4147 acer
2663 4083 2794 4147 hu·

731 4187 842 4277 jus
866 4181 1065 4249 libelli
1091 4179 1398 4259 defensor,
1429 4186 1645 4241 tamen
1671 4178 1877 4243 fa‘cere
1905 4200 2034 4242 non
2064 4180 2346 4264 potuerit
2371 4180 2525 4268 quin
2555 4183 2792 4248 fatere'-

739 4302 845 4352 tur
878 4285 940 4350 se
977 4279 1210 4360 mirari,
1244 4280 1322 4343 ab
1359 4276 1550 4343 eodem
1585 4285 1823 4342 anaor-e
1860 4279 1935 4340 de
1970 4278 2172 4365 iisdem
2210 4290 2331 4343 tam
2370 4281 2608 4367 diversa
2635 4307 2791 4347 nar-

738 4386 910 4454 rari.-
954 4381 1150 4451 licet
1134 4404 1198 4448 m
1230 4377 1604 4446 Praesatione
1645 4399 1725 4443 cx
1761 4375 2140 4465 hujusmodi
2153 4376 2500 4447 diverfimte
2526 4380 2783 4449 duam
