3067 5225
602 476 714 539 DE
751 476 1102 543 Enucxr.
1144 480 1612 547 manorum
1650 488 1925 575 1’·1.⁴·1³·
2178 499 2289 555 1⁵⁶

198 652 381 712 tore
420 636 651 708 Libelli
692 641 984 711 Se&.11.
1033 645 1202 712 Part.
1234 648 1290 713 Ι.
1342 647 1507 734 Cap.
1541 651 1631 719 II.
1683 650 1747 732 §-
1779 668 1844 720 ο.
1931 651 2294 741 Eurydicen

203 742 582 830 Illyricam,
617 765 761 829 quae
807 744 1160 829 pmveffior
1183 746 1325 834 J'am
1364 762 1556 817 etate
1596 750 1945 821 liberorum
1981 751 2115 841 ipsa
2146 754 2292 821 suo«.

206 866 383 915 rum
408 842 939 915 instituendorum
965 846 1176 912 cauffa
1195 847 1410 915 literae
1440 850 1757 933 didicerit,
1785 865 1854 921 et
1879 854 2300 943 Epigramma

206 946 343 1019 hic
387 946 771 1032 appolitum,
813 946 881 1013 in
925 946 1002 1013 iis
1039 970 1185 1035 quae
1228 950 1559 1037 supersunt
1605 953 1746 1019 aliis
1793 956 2109 1023 veteribus
2151 978 2298 1025 mo·-

211 1046 564 1117 numentis
605 1045 822 1135 legere
875 1071 993 1113 noe
1048 1072 1178 1115 non
1232 1053 1665 1121 meminimus.
1753 1057 2184 1123 Heumannus
2230 1069 2300 1124 et

208 1149 668 1235 Heufingerm
705 1148 1048 1236 singulares
1075 1150 1338 1237 quisque
1370 1150 1452 1219 de
1490 1154 1618 1221 hoe
1658 1169 2044 1242 argumento
2081 1157 2300 1242 dispu-

214 1249 513 1317 tationes
537 1249 1043 1331 consumserunt,
1070 1252 1379 1340 subjectae
1402 1254 1661 1323 illorum
1687 1256 1977 1333 editioni.
2037 1258 2136 1324 Ut
2161 1280 2300 1327 rem

217 1353 476 1442 paucis,
499 1354 930 1441 complectar:
975 1379 1106 1422 una
1146 1359 1233 1424 est
1269 1381 1349 1427 ex
1390 1362 1885 1448 cognominibus
1931 1363 2000 1431 in
2046 1358 2302 1436 historia

219 1455 507 1542 proditis
546 1454 921 1523 mulieribus
968 1457 1263 1544 Eurydice
1307 1459 1376 1526 in
1426 1484 1623 1547 quam
1663 1462 1824 1531 illud
1865 1462 2151 1553 elogium
2186 1487 2298 1533 ca·

223 1556 389 1623 dere
433 1554 639 1643 potiit,
691 1557 1013 1644 Philippi‚·
1044 1558 1395 1629 Alexandri
1440 1565 1543 1629 M.
1600 1565 1828 1650 patrie,
1871 1565 2074 1633 altera
2115 1589 2298 1657 uxor,

225 1657 495 1727 Audata
524 1657 802 1745 myrica,
846 1674 1201 1727 memorata
1240 1662 1473 1749 Satyro
1505 1663 1681 1749 apud
1713 1664 1964 1733 Athen.
1991 1666 2185 1732 XIII.
2229 1687 2300 1753 p.

224 1774 391 1844 557.
422 1758 516 1823 Cz
565 1758 731 1829 hanc
759 1781 800 1823 a
827 1758 1147 1845 Philippo,
1178 1774 1437 1831 mutato
1474 1762 1759 1844 nomine,
1791 1764 2153 1853 Eurydicen
2180 1787 2300 1853 ap·

228 1860 565 1947 pellatam·
599 1860 803 1941 fuiffe„
854 1860 1067 1926 scribit
1115 1864 1253 1928 Jac.
1304 1863 1672 1931 Perizonius
1724 1865 1806 1931 ad
1856 1866 2097 1935 AElian.
2146 1870 2299 1937 Var.

229 1961 404 2033 Hist.
454 1962 648 2029 XIII.
696 1963 808 2047 36.
869 1982 948 2028 ex
1005 1961 1377 2050 conjeaura
1427 1965 1482 2035 in
1538 1966 1832 2052 quidem,
1885 1980 1964 2037 ut
2013 1968 2301 2052 videtum

229 2064 477 2151 quippe
503 2062 753 2133 nullum
781 2064 1363 2136 auetoremcitans.
1447 2066 1813 2161 Philippum
1841 2068 2103 2151 multas,
2132 2090 2302 2158 prae-

232 2176 340 2231 ter
383 2163 857 2252 Olympiadem,
902 2164 1181 2235 habuisse
1223 2188 1477 2247 uxores,
1522 2170 1765 2236 constat
1803 2185 1874 2239 ct
1913 2169 2198 2252 aliunde,
2237 2183 2307 2243 et

240 2289 325 2332 ex
369 2267 478 2334 illo
523 2267 735 2356 Satyri
778 2267 960 2333 loco:
1005 2280 1074 2333 et
1111 2267 1287 2337 illiue
1309 2290 1575 2341 uxorem
1601 2271 1963 2358 Eurydicen
1992 2285 2309 2347 memorat

235 2368 548 2434 Arrianus
574 2366 822 2457 Exped.
845 2367 1034 2433 Alex.
1061 2369 1185 2433 ΙΙΙ.
1216 2371 1281 2434 6.
1312 2390 1380 2455 p.
1414 2389 1559 2435 111.
1622 2372 1728 2436 De
1757 2370 1949 2458 hujus
1979 2364 2106 2436 filia
2136 2373 2306 2458 Cyna

236 2490 317 2534 ex
362 2481 561 2557 eaque
606 2468 788 2556 nepti
827 2467 1149 2555 Eurydice,
1201 2470 1445 2536 Aridaei
1497 2493 1719 2553 uxore,
1767 2471 1956 2538 docte
2004 2470 2308 2538 differunt

243 2569 544 2635 Kuhnius
572 2583 639 2636 et
670 2569 1037 2638 Perizonius
1061 2569 1142 2636 ad
1168 2571 1501 2640 AElianum
1538 2572 1583 2639 1.
1613 2573 1660 2639 l.
1733 2571 1862 2640 Sed
1888 2571 2109 2639 eadem
2138 2594 2306 2661 quo-

240 2671 445 2737 modo
473 2671 962 2759 Hierapolitana
1003 2672 1134 2738 dici
1176 2674 1479 2759 potuerit,
1508 2695 1639 2742 non
1665 2686 1932 2763 apparet
1947 2699 1969 2756 3
2016 2674 2307 2760 quando·

240 2774 505 2863 quidem
532 2774 709 2841 nulla
738 2774 979 2863 Illyrici
1016 2775 1171 2840 urbs
1205 2775 1573 2863 Hierapolis
1615 2776 1878 2864 cognita
1918 2777 2032 2842 est.
2118 2778 2308 2843 Forte

242 2880 514 2965 scriptor
540 2878 733 2966 hujus
760 2877 983 2957 libelli,
1009 2878 1142 2964 ipse
1176 2878 1508 2967 ἀνιςόςητος,
1537 2878 1678 2944 haec
1707 2878 2005 2958 turbavit,
2033 2901 2113 2944 ex
2141 2878 2305 2944 dua-

242 2982 367 3048 bus
393 2979 675 3070 ejusdem
702 2978 983 3044 nominis
1007 2978 1403 3059 mulieribuzi‚
1431 2978 1691 3068 Illyrica
1715 2991 1783 3043 et
1803 2977 2307 3065 Hierapolitana‚

242 3104 440 3148 unam
484 3080 759 3162 faciem-3
811 3093 887 3145 ut
929 3080 1079 3144 suus
1121 3079 1231 3166 ipsi
1272 3079 1727 3167 relinquendus
1769 3079 1843 3143 fit
1883 3099 2079 3143 error.
2149 3077 2306 3165 Epi-

246 3205 543 3272 gramma
583 3181 815 3247 Latine
852 3180 1047 3246 etiam
1086 3179 1364 3245 reddidit
1406 3182 1479 3246 F.
1506 3180 1596 3247 A.
1625 3178 1888 3246 Bonada
1917 3179 2134 3245 Carm.
2161 3179 2308 3244 An·
2389 3172 2402 3180 ⁶

248 3287 364 3374 tiq.
393 3284 621 3372 Lapid.
649 3286 726 3350 T.
757 3284 811 3347 1.
843 3305 911 3371 p.
936 3285 1042 3349 62.
1072 3296 1141 3348 et
1170 3301 1284 3349 121
1313 3306 1330 3346 ε
1378 3279 1600 3346 retulit
1619 3279 1984 3348 Brunckius
2013 3278 2307 3345 Analea.

250 3389 401 3452 Vet.
434 3388 611 3451 Poet.
641 3386 761 3450 Gr.
785 3385 863 3449 T.
893 3384 1021 3447 ΙΙΙ.
1065 3405 1132 3470 p.
1167 3382 1283 3467 183
1310 3407 1327 3447 ε
1375 3403 1544 3446 unua
1571 3380 1822 3445 fortaffe
1848 3379 2058 3444 versus
2085 3379 2309 3445 secun-

252 3489 374 3555 dus
415 3489 649 3553 habeat
695 3483 934 3571 aliquid
977 3482 1407 3549 difficultatis:
1468 3480 1759 3569 Toupiue
1803 3479 1998 3567 Epist.
2038 3479 2201 3547 Crit.
2240 3479 2312 3548 in

258 3592 478 3657 Indice
517 3611 672 3656 voce
712 3586 876 3668 οἴςος,
920 3585 1371 3673 corrigendum
1417 3584 1665 3673 putavit
1704 3581 1903 3657 εὔοιςον
1943 3585 2016 3662 ψ.
2055 3591 2105 3650 ἃ.
2136 3583 2311 3651 τόνον.

254 3691 435 3757 Mez.
487 3689 545 3754 εὖ
595 3690 726 3763 ἰςόν·
775 3702 845 3754 et
886 3686 1149 3776 quidam
1195 3684 1342 3751 libri
1384 3685 1451 3751 in
1499 3686 1629 3751 hoc
1670 3684 1979 3751 vocabulo
2026 3684 2270 3754 variant
2289 3712 2311 3753 z

256 3791 441 3856 Harl.
486 3788 723 3864 εὖιςέονε
785 3788 977 3853 Vule.
1029 3791 1251 3852 Anon.
1304 3784 1525 3861 εὕοιςον.
1611 3786 1711 3853 At
1755 3785 1846 3851 nil
1894 3787 2310 3855 mutandum:

257 3891 425 3968 εὸιςον
452 3896 539 3960 est
566 3893 708 3958 bene
735 3904 957 3972 notum,
988 3890 1285 3968 celebrem,
1314 3903 1391 3955 ut
1415 3888 1594 3969 αἷς-ος,
1621 3889 1858 3977 ignotus
1878 3913 1900 3952 .·
1942 3895 2106 3977 αὐρᾶν
2125 3891 2317 3967 πόθον,

256 4008 456 4082 capere
495 3994 863 4080 dcszderium,
900 3991 1072 4057 idem
1112 3991 1199 4056 est
1225 3989 1403 4077 quod
1439 3989 1741 4084 moiun
1778 3995 1852 4053 τᾶ
1885 3988 2098 4078 ἔρωτος,
2132 3992 2324 4079 potiri

258 4097 530 4182 desiderio
555 4099 671 4184 suo
691 4121 713 4162 .·
761 4109 833 4161 et
872 4096 987 4161 sub
1024 4094 1118 4159 τόν
1164 4096 1208 4157 δ’
1249 4092 1481 4172 ἀνέθηκε
1522 4090 1914 4159 audiendum
1953 4092 2179 4176 ςίφανον
2216 4093 2320 4159 vel

263 4197 454 4264 fimile
481 4221 561 4263 ex
586 4197 709 4263 hac
735 4196 802 4262 in
830 4194 1418 4284 Epigrammatibus
1436 4193 1907 4262 dedicationem
1934 4193 2318 4260 habentibus

262 4299 593 4387 frequente
630 4299 848 4387 ellipfi.
920 4297 1280 4365 Videantur
1320 4297 1758 4387 Heufingerue
1783 4297 1867 4364 ad
1894 4297 1963 4363 h.
1988 4296 2035 4361 l.
2072 4319 2140 4383 p.
2169 4316 2315 4384 191.

264 4416 331 4472 et
356 4400 720 4470 Brunckius
743 4400 793 4469 1.
813 4423 876 4470 c.
911 4421 981 4490 p.
1010 4401 1159 4490 267.
1233 4398 1442 4490 Igitur
1480 4401 1693 4472 sensus
1731 4402 1842 4490 est,
1885 4400 2186 4495 Euo-dice
2221 4401 2317 4476 H.
