3067 5225
794 473 1125 535 JUDICI‘U
1127 473 1195 534 M
1234 475 1342 535 DE
1382 475 1787 539 AUCTORE.
2233 489 2318 540 35

335 640 414 703 In
470 636 759 725 catalogo
810 636 1140 725 Lampriae,
1196 640 1308 726 qui
1358 639 1611 721 dicitur,
1662 639 1875 706 nullus
1919 653 2308 709 memoratur

238 738 373 804 hac
417 737 823 826 inscriptione
860 737 1042 818 liber,
1085 739 1197 804 ubi
1239 762 1317 805 ex
1357 740 1530 808 libris
1573 741 1950 821 MoralibuS,
1980 742 2089 828 qui
2133 766 2305 811 nunc

238 840 417 919 sunt,
476 839 832 927 octogenis„
889 837 972 903 ad
1026 840 1347 927 sexaginta
1400 854 1466 905 et
1514 856 1792 929 quatuor
1844 858 2299 912 memorantur.

241 940 378 1005 Sed
406 962 612 1029 neque
640 941 793 1005 hinc
821 939 885 1004 in
915 937 1282 1006 alterutram
1318 956 1566 1028 partem
1594 956 2042 1030 argumentum
2069 942 2298 1026 ducas;

237 1044 548 1131 siquidem
594 1042 945 1130 catalogus
987 1043 1093 1109 ille
1133 1045 1441 1131 postrema
1481 1060 1661 1134 parte
1704 1058 2032 1111 truncatus
2060 1045 2144 1112 ad
2184 1071 2301 1113 nos

244 1142 445 1208 venit.

331 1245 484 1308 Non
527 1258 920 1309 memoratur
957 1242 1125 1330 apud
1164 1244 1483 1324 Stobaeum‚
1524 1245 1637 1310 ubi
1664 1245 2022 1333 frequentes
2050 1247 2192 1312 sunt
2219 1270 2298 1313 ex

240 1341 384 1406 aliis
426 1341 813 1407 Plutarcheis
855 1358 922 1406 et
961 1342 1220 1429 perditis
1264 1351 1329 1407 et
1370 1344 1625 1431 reliquis
1666 1345 1841 1410 libris
1878 1346 2027 1411 loci.
2116 1349 2291 1412 Inte-

239 1465 433 1530 grum
464 1442 702 1508 Stobaei
729 1465 892 1530 opus
919 1444 1238 1508 constabat
1263 1459 1537 1533 quatuor
1562 1446 1800 1510 Libris:
1849 1447 2023 1512 Libri
2049 1449 2135 1512 11.
2165 1449 2295 1514 Ca-

242 1560 363 1632 put
390 1564 497 1631 32.
526 1557 660 1610 erat
688 1546 831 1633 nug)
856 1545 1115 1620 παιδείας
1141 1545 1233 1626 καὶ
1257 1550 1511 1632 ἀγωγῆς,
1541 1560 1618 1612 ut
1647 1549 1935 1612 novimus
1958 1571 2038 1613 ex
2068 1549 2296 1615 Photio

238 1643 550 1709 Biblioth.
585 1642 752 1708 Cod.
785 1643 1117 1710 CXLVII.
1147 1645 1259 1712 ubi
1286 1646 1413 1710 hoc
1447 1667 1609 1730 opus
1636 1647 2013 1710 recensetur.
2100 1649 2296 1713 Nunc

234 1742 402 1808 illud
432 1743 671 1830 Caput,
700 1766 841 1809 cum
872 1743 1011 1808 aliis
1045 1744 1290 1824 multis,
1334 1744 1400 1807 in
1446 1743 1683 1808 Stobaei
1724 1744 2106 1812 editionibus
2135 1747 2293 1813 defi-

236 1843 509 1908 deratur
529 1871 549 1909 z
592 1856 661 1908 at
699 1844 998 1910 servatum
1027 1846 1114 1910 est
1153 1845 1251 1911 vel
1284 1859 1493 1909 totum
1522 1844 1622 1909 vel
1664 1847 2003 1911 maximam
2044 1864 2294 1936 partem

233 1945 307 2010 in
359 1944 732 2032 Appendice
779 1946 1057 2011 Florent.
1104 1947 1253 2012 MS.
1301 1945 1747 2011 Parallelorum
1798 1948 2132 2013 Sacrorum
2176 1952 2293 2015 Jo-

232 2046 475 2112 hannis
500 2048 910 2126 Damasceni;
954 2047 1064 2112 ubi
1086 2047 1280 2113 ‘multi
1306 2048 1547 2111 exstant
1579 2047 1716 2135 ως)
1744 2049 2003 2124 παιδείας
2038 2051 2081 2136 23,
2129 2055 2292 2135 ἀγω-

231 2154 342 2234 γῆς
385 2149 813 2235 Antiquorum
859 2148 1249 2234 Scriptorum
1290 2148 1440 2230 loci,
1488 2148 1806 2215 Plutarchi
1833 2164 1902 2214 et
1934 2151 2151 2216 existo
2178 2153 2296 2218 sub

230 2247 408 2314 inim
434 2249 693 2313 nomine
721 2249 1123 2335 frequentato
1147 2248 1365 2314 libello
1393 2248 1629 2314 nullus.

324 2350 481 2414 Non
532 2363 924 2415 memoratur
968 2350 1034 2414 in
1090 2349 1328 2438 Sopatri
1377 2350 1718 2437 Epitomis,
1774 2371 2041 2438 quarum
2096 2376 2291 2442 argu·

230 2465 481 2530 menta,
523 2465 591 2517 et
634 2452 1017 2531 Aufiomm,
1042 2450 1218 2520 unde
1258 2451 1438 2517 fafi’tae
1464 2465 1668 2530 erant,
1700 2452 1982 2532 nomina,
2013 2457 2294 2519 recenset

233 2551 502 2619 Photius
528 2551 836 2620 Biblioth.
867 2551 1036 2620 cod.
1067 2551 1329 2620 CLXV.
1396 2555 1495 2619 ‘In
1541 2553 1640 2618 his
1683 2554 2109 2642 complurium
2141 2556 2290 2623 Plu-

229 2655 643 2721 tax-cheorum
668 2648 977 2721 librorum
1005 2655 1128 2720 suis
1156 2654 1519 2721 nominibus
1547 2654 1773 2722 diserte
1801 2656 2289 2744 significatorum

228 2757 558 2824 exstabant
609 2744 769 2843 loci,=
811 2770 1003 2846 atque
1057 2756 1219 2823 adeo
1274 2746 1463 2844 spurii
1516 2757 1685 2822 illius
1741 2757 1842 2822 De
1891 2758 2289 2828 Fluminibus.

224 2861 389 2924 Erat
430 2860 494 2924 in
548 2857 766 2924 iisdem
815 2856 1031 2947 Caput
1073 2859 1173 2923 De
1220 2856 1517 2945 Efficacia
1567 2860 2008 2949 Consuetudinis
2054 2875 2110 2926 et
2152 2862 2287 2927 La·-

228 2960 432 3043 bor-iq
492 2983 634 3049 quae
683 2958 770 3026 est
813 2958 968 3027 item
1017 2959 1283 3025 materia
1323 2959 1514 3048 hujus
1554 2960 1752 3027 libelli
1796 2961 1958 3049 Cap.
1993 2965 2108 3032 IV.
2192 2966 2288 3029 At

229 3058 559 3127 Plutarchi
582 3060 745 3127 liber
768 3062 873 3127 De
898 3059 1292 3127 Educatione
1319 3061 1531 3128 nullus
1559 3061 1945 3128 nominatur.

320 3160 449 3228 His
488 3160 783 3250 equidem
825 3162 1171 3228 rationibus
1199 3160 1397 3227 nolim
1431 3161 1840 3241 contendere,
1882 3161 2060 3227 hunc
2101 3160 2287 3228 libel·

222 3262 370 3328 lum
413 3262 521 3328 illa
561 3261 848 3328 nondum
877 3261 1053 3328 suifl'e
1082 3276 1307 3346 aetate3
1351 3264 1587 3351 quippe
1615 3263 1725 3351 qui
1749 3261 1948 3328 modo
1976 3263 2284 3348 fignifica-

218 3364 431 3430 ττι-ἱππ
473 3386 621 3430 eum
660 3363 824 3430 mihi
861 3363 1058 3430 videri
1103 3386 1233 3429 non
1272 3363 1483 3429 multo
1511 3363 1928 3428 recentiorem
1965 3362 2096 3449 ipso
2133 3364 2283 3430 Plu-

220 3466 481 3532 tancho.
540 3468 846 3531 Attamen
873 3488 953 3531 eo
979 3464 1248 3532 inducor
1272 3478 1348 3531 ut
1373 3464 1653 3544 credam,
1683 3484 1832 3528 eum
1861 3463 2286 3534 voluminibus

224 3566 756 3633 Plutarcheorum
797 3566 1125 3649 librorum,
1154 3579 1328 3631 certe
1368 3565 1445 3630 iia
1472 3564 1703 3652 quibus
1743 3565 2010 3653 Sopater
2033 3579 2101 3632 et
2127 3569 2280 3634 Sto-

216 3672 406 3737 beu:
430 3669 517 3733 ufi
545 3669 713 3748 sunt,
747 3667 1035 3733 nondum
1068 3666 1360 3743 additum
1388 3666 1590 3733 fuiffe.
1678 3667 1865 3745 Sane,
1910 3664 2140 3733 mirum
2184 3671 2280 3736 vi·

138 3820 157 3835 .
214 3768 369 3836 deri
394 3769 607 3850 debet,
636 3770 702 3835 in
732 3769 1026 3858 operibat
1053 3766 1603 3834 eruditiffimorum
1644 3767 2002 3849 hominum,
2037 3770 2148 3857 qui
2174 3771 2278 3835 in-

212 3870 649 3937 numerabiles
676 3869 870 3936 libroe
896 3882 966 3935 et
992 3869 1318 3935 versass'ent
1345 3881 1413 3934 et
1443 3867 1754 3956 legissent,
1782 3890 1861 3933 ex
1892 3866 2277 3937 Plutarch‘eis

206 3972 367 4041 aliis
400 3971 575 4038 libris
613 3971 737 4037 alia
778 3971 842 4038 in
879 3970 1086 4057 capita
1116 3970 1294 4036 locos
1319 3969 1600 4058 ejusdem
1637 3971 1996 4057 argumenti
2025 3970 2280 4037 additos

205 4072 502 4161 reperiri,
528 4097 608 4141 ex
634 4070 852 4140 libello
878 4073 983 4138 De
1009 4072 1402 4138 Educatione
1430 4072 1494 4138 in
1523 4073 1835 4162 capitibus
1862 4071 2140 4160 ejusdem
2170 4095 2270 4137 ar-

202 4178 513 4266 gumenti
539 4176 751 4247 nullon
780 4173 1056 4262 reperiri.
1290 4180 1301 4187 “
