3067 5225
702 426 820 490 164
973 427 1053 488 D.
1080 425 1187 487 W.
1225 424 1644 487 ANIMADV.
1684 428 1782 487 IN
1821 424 2283 489 PLUTARCHI
2323 430 2473 492 LIB.

676 590 689 597 ”
702 586 884 655 oediis
920 608 1182 678 pravum
1209 552 1538 656 confilium
1576 600 1645 655 et
1687 584 1931 656 facinus
1972 587 2286 678 probabili
2331 590 2617 659 oratione
2661 590 2765 661 vel.

636 708 643 715 ·
700 690 1058 772 excusatur,
1086 691 1184 759 vel
1212 691 1721 773 commendatur,
1767 705 1845 757 ut
1883 692 2056 780 apud
2097 688 2472 781 Euripidem
2506 694 2587 758 ab
2616 692 2757 758 He·

675 789 848 858 'Iena
892 804 961 857 et
1007 790 1291 858 Phaedra.
1377 792 1521 858 Nec
1570 793 1764 857 Poeta
1799 792 1981 857 suum
2026 793 2380 881 interponit
2409 792 2753 882 judicium.
2796 811 2800 814 ’

704 896 932 980 Itaque
960 914 1077 957 nos
1104 895 1380 961 nostrum
1410 892 1517 980 ipfi
1535 891 1854 981 judicium
1883 913 2204 983 apponere
2234 894 2566 976 debemuS,
2593 894 2760 1024 benc

700 995 873 1061 facta
895 992 1179 1074 laudare,
1205 992 1372 1059 male
1396 994 1568 1059 facta
1591 993 1966 1081 vituperare.

676 1103 689 1115 ”
791 1096 914 1161 IX.
970 1095 1191 1181 Atque
1232 1094 1343 1160 ubi
1380 1094 1535 1159 dieti
1568 1094 1834 1183 alicujus
1875 1097 2142 1162 obscura
2178 1096 2264 1163 est
2307 1098 2466 1165 ratio
2503 1119 2624 1163 nec
2656 1093 2756 1161 di-

670 1196 864 1263 'serte
913 1194 1149 1275 addita,
1193 1216 1335 1261 eam
1380 1195 1486 1285 ipfi
1528 1218 1812 1283 quaerere
1857 1197 2203 1279 debemus3
2257 1199 2521 1265 habebit
2563 1198 2757 1264 ratio·-

674 1312 879 1378 'nem‚
923 1294 965 1362 fi
1007 1314 1227 1363 verum
1274 1298 1399 1378 est3
1470 1298 1510 1363 fi
1570 1320 1724 1379 non,
1782 1322 1912 1364 non
1957 1302 2284 1388 apparebit
2327 1300 2527 1366 ratio:
2586 1299 2762 1366 verbi

702 1399 932 1489 gratia,
979 1397 1227 1466 dictum
1268 1400 1355 1465 est
1393 1400 1680 1488 Tragici:
1752 1399 1971 1465 Animo
2014 1403 2119 1489 effi·
2163 1415 2357 1489 parvo
2400 1400 2766 1488 calamitosos

674 1500 995 1567 'convenih
1067 1500 1177 1566 Ad
1203 1501 1330 1566 hoc
1358 1501 1562 1566 statim
1592 1501 2014 1589 subjiciamus,
2052 1503 2177 1567 Cur
2202 1501 2569 1589 calamitcy‘us
2606 1519 2764 1591 par-

703 1626 782 1669 vo
830 1605 936 1690 ff
976 1603 1172 1667 animo
1218 1601 1387 1667 debet
1406 1606 1446 1666 ἒ
1498 1603 1624 1668 Cur
1663 1628 1780 1668 non
1817 1603 2008 1693 potius
2048 1608 2264 1692 magno
2300 1603 2515 1685 animo,
2544 1629 2666 1719 ‘quo
2686 1605 2766 1707 sp

672 1705 987 1792 ‘adversus
1007 1703 1293 1791 fortuna
1329 1703 1700 1793 iniquitatem
1740 1705 1959 1791 erigat.
2033 1705 2062 1769 1
2069 1718 2133 1769 ta
2168 1704 2276 1791 qui
2319 1703 2596 1770 occurrit
2637 1698 2761 1769 fin-

700 1806 875 1896 'gulis
902 1804 1111 1884 dietis,
1141 1827 1271 1871 non
1299 1805 1482 1871 facile
1509 1803 1884 1891 decipiatur,
1927 1826 2048 1870 nec
2084 1804 2290 1893 decipi
2325 1806 2386 1872 se
2415 1806 2573 1873 finat
2601 1806 2762 1871 Poe-

706 1918 793 1972 tae
822 1904 1223 1971 auctoritate.

793 2008 882 2072 X.
941 2004 1069 2072 Sed
1095 2019 1171 2071 ut
1199 2006 1264 2072 in
1291 2006 1416 2072 vite
1443 2024 1565 2071 uva
1590 2005 1749 2071 latet
1776 2005 1889 2072 sub
1918 2004 2109 2088 foliis,
2152 2006 2241 2072 ita
2267 2006 2330 2073 in
2364 2007 2530 2074 Poefi
2561 2008 2764 2074 multa

703 2108 878 2175 bona
919 2107 1176 2173 occulta
1212 2105 1437 2195 jacent
1481 2107 1597 2172 sub
1640 2121 1902 2172 ornatus
1955 2130 2031 2173 ac
2083 2108 2378 2175 dictionis
2430 2106 2781 2195 apparatu(

678 2208 1076 2298 ‘Cognoscat
1099 2206 1378 2296 jamnia,
1407 2230 1571 2295 quos
1598 2208 1782 2275 bonis
1825 2209 2108 2276 moribus
2137 2209 2438 2298 praeditos
2471 2210 2764 2276 homines

670 2310 970 2378 'iuducat
1009 2312 1226 2393 Poeta,
1253 2326 1415 2399 quos
1440 2310 1660 2376 malis·
1706 2333 1788 2376 an
1818 2312 2096 2400 utrisque
2121 2313 2572 2379 convenienter
2595 2312 2764 2379 di&

675 2415 1001 2503 'festaque
1054 2412 1315 2480 tribuat.
1413 2416 1977 2502 Agamemnonem
2033 2415 2532 2502 reprehendunt,
2590 2415 2774 2481 vario

705 2515 904 2581 modo
929 2527 999 2580 et
1024 2526 1337 2601 tempore,
1366 2513 1490 2579 suis
1517 2515 1800 2581 moribus
1830 2510 2090 2603 quisque
2127 2517 2614 2583 convenienter.
2661 2518 2763 2582 A·

706 2617 936 2684 chillea
961 2617 1211 2697 acerbe,
1239 2615 1347 2682 sed
1372 2638 1549 2683 vere.
1594 2602 1906 2684 Thersites
1936 2641 2093 2684 vane
2121 2631 2190 2685 et
2225 2619 2445 2686 stulte:
2490 2619 2764 2686 Diome-

676 2718 822 2786 ‘des
854 2717 1257 2805 tempestive.
1284 2718 1591 2786 Calchas
1631 2718 2091 2808 intempestive.
2135 2721 2368 2788 Nestor
2404 2734 2766 2809 opportune

705 2835 775 2889 et
808 2820 1196 2910 prudenterz
1240 2820 1568 2902 eumdem,
1596 2821 2169 2909 reprehendentem
2208 2822 2387 2905 alios,
2416 2822 2765 2891 Diomedes

703 2946 860 2992 cum
900 2921 1248 2989 reverentia
1282 2935 1351 2988 et
1396 2921 1640 2989 filentio
1682 2922 1832 3004 fert,
1870 2923 2213 2990 Sthenelus
2254 2924 2591 2991 Diomedis
2630 2926 2774 2994 vico.

674 3025 979 3116 'gloriose
1028 3023 1340 3111 increpat,
1386 3022 1644 3113 Ulyffea
1680 3041 1832 3089 cum
1874 3025 1967 3090 ira
2007 3024 2344 3114 objurgat:
2400 3026 2530 3114 ipse
2571 3025 2764 3094 sthe-

708 3128 928 3196 nelum
955 3125 1199 3192 silentio
1222 3125 1492 3215 spernit:
1539 3125 1825 3214 Ulyssem
1852 3124 2117 3191 laudans
2136 3141 2206 3194 et
2225 3126 2394 3193 dieta
2419 3129 2769 3194 retra-stans

708 3231 960 3319 placare
987 3227 1213 3295 studet.
1260 3227 1441 3293 Idem
1470 3226 1802 3294 discrimen
1827 3226 2454 3306 animadvertendum
2482 3229 2545 3294 in
2575 3231 2760 3294 Grae-

707 3333 803 3400 cis
830 3346 901 3398 et
911 3329 1249 3418 ‚Trojanisz
1297 3327 1509 3395 Graeci
1535 3327 1841 3396 incedunt
1867 3329 2111 3408 ordine,
2141 3327 2383 3394 fllentio
2408 3341 2762 3395 reverentes
2873 3414 2877 3417 Α

708 3434 852 3502 suos
882 3432 1122 3499 duces:
1171 3430 1430 3521 Trojani
1472 3451 1623 3495 cum
1662 3429 1963 3517 clangore
2000 3444 2070 3496 et
2095 3430 2325 3495 ferocia
2345 3455 2369 3494 τ
2410 3428 2763 3516 promistio-

668 3555 679 3562 ·
709 3555 824 3602 nes
850 3532 1131 3600 Dolonia
1169 3530 1431 3612 stolidae,
1457 3529 1796 3597 Diomedis
1822 3531 2148 3597 modestae.
2133 3556 2156 3572 .
2197 3530 2262 3595 in
2289 3529 2586 3617 singulari
2621 3554 2762 3598 cer-

706 3635 971 3710 tamine
978 3632 1278 3712 Hectorie
1306 3632 1548 3720 pavitat
1573 3653 1707 3712 cor,
1735 3631 2157 3719 Trojanorum
2193 3655 2406 3720 genua
2440 3632 2606 3698 subit
2631 3643 2764 3701 tre-⁵

708 3757 877 3815 mor,
903 3731 1120 3821 Ajacis
1153 3733 1402 3822 animus
1435 3732 1819 3804 conscientia
1855 3732 2106 3800 :virtutis
2134 3749 2202 3799 et
2228 3733 2607 3823 tranquillus
2634 3749 2702 3801 et
2727 3759 2770 3803 a

696 3834 1013 3928 jactantia
1051 3833 1317 3902 alienus.
1360 3825 1666 3924 Trojani
1692 3835 1883 3901 multi
1914 3835 2085 3923 capti
2121 3850 2190 3902 et
2226 3835 2392 3923 ipse
2399 3837 2644 3903 Hector
2667 3838 2768 3902 vi

659 4003 663 4007 ,
708 3953 848 4007 tam
882 3935 1198 4044 supplices
1249 3957 1291 4001 a
1335 3935 1678 4004 vistoribus
1708 3937 2183 4025 expetiverunt.
2231 3940 2606 4004 Graecorum
2649 3959 2768 4005 ne-

708 4065 855 4110 mo:
902 4037 979 4106 ut
1005 4036 1398 4127 intelligatur
1421 4039 1822 4108 barbaricum
1847 4040 2014 4106 effe
1997 4064 2060 4105 m
2092 4062 2313 4136 pugna
2339 4041 2499 4106 hosti
2528 4041 2587 4105 se
2613 4041 2766 4106 sub-

674 4144 968 4212 ·mittere
1019 4153 1089 4207 et
1140 4139 1516 4229 supplicare,
1572 4143 1874 4211 Graecum
1942 4144 2293 4232 pugnando
2343 4143 2595 4211 vincere
2651 4155 2776 4210 aut

709 4244 897 4310 mori.
2295 4269 2308 4284 ’

725 4344 917 4411 -XI.
961 4344 1048 4413 Et
1072 4354 1148 4412 ut
1173 4364 1253 4412 ex
1275 4342 1517 4435 pascuis
1546 4344 1684 4434 apis
1705 4346 1956 4429 florem,
1984 4367 2186 4438 capra
2200 4346 2483 4428 frondes,
2521 4346 2625 4413 sun
2658 4366 2767 4413 ra-
