3067 5225
771 446 901 520 μου
1059 445 1140 505 n.
1165 438 1268 506 w.
1306 383 1725 507 ANlMADv.
1766 442 1864 505 m
1901 388 2366 506 nemnem
2393 440 2553 507 tm.

864 604 1055 674 Porro
1106 604 1172 674 in
1221 607 1397 674 tituli
1438 609 1811 697 profeflione
1863 608 1949 674 est
1997 617 2150 690 πῶς,
2202 611 2498 696 quomodo,
2554 630 2684 675 non
2713 605 2839 694 'Gi-‘n

772 711 965 797 quod:
1004 711 1130 775 hoc
1159 709 1356 791 enim,
1381 712 1670 799 juvenem
1699 703 1906 774 debere
1943 723 2212 797 poemata
2239 713 2586 798 cognoscere,
2616 726 2691 776 ut
2719 734 2837 777 ne-

770 811 930 875 mini
958 810 1225 877 dubium
1254 812 1582 878 sumebat:
1627 834 1834 899 neque
1859 811 2055 876 etiam
2081 812 2335 899 quaerit,
2361 813 2513 897 τίνας
2542 813 2636 893 κα)
2661 814 2836 890 votos

700 933 708 941 ·
770 916 1032 991 aroana-025,
1062 935 1201 998 quos
1230 924 1286 976 et
1313 913 1473 1001 cujus
1503 913 1739 1000 generis
1775 923 1977 999 poetas
2010 911 2266 999 juvenis
2303 914 2689 1000 cognoscere
2716 913 2837 978 de·—

768 1011 956 1076 beat:
1015 1010 1308 1100 exempla
1358 1012 1629 1100 apponit
1675 1034 1754 1076 ex
1809 1011 2203 1098 principibus
2259 1035 2508 1097 eorum,
2558 1035 2834 1101 quorum

770 1110 1111 1178 lectionem
1168 1112 1560 1179 consuetudo
1613 1113 2033 1201 antiquiffima
2081 1115 2163 1179 ad
2210 1115 2666 1181 institutionem
2715 1118 2831 1205 ju-

767 1213 1049 1278 ventutis
1106 1214 1614 1282 consecraverat:
1689 1217 2005 1295 HomerO,
2056 1216 2356 1296 Hesiodo,
2409 1217 2830 1299 ArchilochO,

770 1314 1065 1394 Pindam,
1094 1315 1447 1397 Simonide,
1471 1316 1872 1404 Theognide‚
1901 1316 2232 1405 AEschylo,
2264 1317 2606 1403 Sophocle,
2637 1320 2833 1385 Euri,

764 1413 939 1503 pide,
998 1415 1382 1482 Menandro,
1468 1419 1643 1482 Nam
1697 1417 1802 1480 alii
1855 1418 1895 1495 fi
1949 1417 2062 1504 qui
2114 1418 2546 1498 nominantur,
2601 1420 2829 1485 Xeno-

768 1518 1037 1603 phaneS,
1084 1519 1534 1605 Empedoclea,
1583 1520 1991 1599 Philoxenus»,
2040 1542 2170 1585 non
2212 1532 2289 1585 ut
2335 1522 2548 1584 Poetae
2590 1521 2674 1586 ab
2712 1519 2828 1607 ju-

770 1622 962 1687 venili
999 1635 1190 1687 aetate
1216 1621 1467 1688 tractati
1496 1621 1908 1702 traetandive,
1938 1620 2044 1685 sed
2072 1620 2244 1687 nude
2273 1633 2348 1686 ut
2388 1619 2658 1710 alicujus
2683 1621 2834 1687 sen-

766 1722 993 1787 tentioe
1022 1723 1314 1788 auctores
1342 1735 1801 1787 memorantur.

818 1820 997 1891 -Jam
1045 1824 1172 1890 hoc
1213 1824 1417 1911 ipsum
1458 1833 1611 1903 πῶς,
1657 1823 1958 1912 quomodo,
2009 1847 2130 1911 qua
2171 1822 2402 1887 ratione
2424 1823 2679 1908 juvenis
2713 1837 2829 1911 po·

767 1936 896 1988 etas
938 1926 1267 2012 cognoscere
1304 1924 1537 2004 debeat,
1565 1946 1768 2011 quum
1805 1923 1934 1988 late
1971 1936 2207 2009 pateat,
2236 1937 2305 1989 et
2341 1922 2577 1988 multas
2603 1924 2834 1999 varias-

766 2047 893 2112 que
935 2025 1169 2091 babeat
1204 2038 1456 2111 partes:
1516 2024 1641 2105 vel,
1676 2023 2003 2111 quomodo
2037 2023 2345 2087 facillima
2372 2023 2832 2111 certiffimaque

764 2126 865 2190 via
904 2125 985 2191 ad
1034 2148 1259 2191 eorum
1301 2124 1792 2211 intelligentiam
1835 2123 2270 2212 perveniatur:
2328 2122 2449 2203 vel,
2495 2124 2828 2210 quomodo

766 2228 884 2291 {int
926 2225 1414 2314 pronunciandi,
1456 2225 1789 2305 recitandi,
1833 2224 2146 2290 discendi:
2194 2222 2317 2303 vel,
2351 2223 2434 2288 ad
2477 2244 2826 2310 quemnam

767 2328 950 2392 usum
980 2326 1314 2406 referendi,
1354 2325 1438 2390 ad
1456 2347 1761 2391 rerumne
1802 2324 2126 2390 scientiam
2165 2347 2245 2389 ex
2271 2324 2347 2388 iis
2373 2324 2825 2411 colligendam,

762 2450 847 2494 an
867 2426 947 2492 ad
961 2426 1194 2515 judicii
1221 2425 1632 2515 elegantiam,
1660 2448 1741 2491 an
1770 2425 1853 2490 ad
1881 2425 2121 2513 ingenii
2142 2425 2417 2505 cultum,
2447 2447 2527 2491 an
2556 2426 2637 2492 ad
2666 2427 2827 2493 doc-

766 2522 962 2595 trinae'
989 2540 1462 2607 ornamentum,
1493 2549 1576 2590 an
1606 2526 1687 2591 ad
1715 2525 2042 2591 liberalem
2071 2525 2266 2590 animi
2305 2524 2825 2608 oblfflationem,

768 2652 850 2695 an
894 2629 1166 2716 denique
1217 2629 1301 2693 ad
1342 2628 1591 2692 virtutis
1643 2627 2099 2714 honestatisque
2148 2626 2452 2708 frussum,
2502 2626 2826 2714 vitamque
2907 2612 2914 2622 ⁹

767 2727 1116 2816 prudenter
1161 2727 1545 2816 regendam:
1593 2750 1723 2793 una
1763 2728 1875 2793 illa
1920 2728 2233 2815 postremo
2280 2728 2429 2794 loco
2467 2729 2638 2794 dieta
2680 2751 2829 2816 paro

764 2831 1070 2897 tractatur
1102 2845 1169 2896 et
1210 2832 1351 2895 haec
1391 2831 1520 2917 ipsa
1561 2853 1691 2895 non
1738 2843 1897 2909 tota,
1945 2828 2054 2895 sed
2094 2830 2369 2917 partim3
2434 2853 2561 2896 non
2612 2847 2687 2897 ut
2729 2831 2833 2908 via

764 2932 1149 3013 ostendatur,
1178 2954 1308 3019 qua
1348 2933 1685 2997 Poetarum
1718 2931 1912 2997 lectio
1953 2931 2265 3018 dirigatur
2306 2932 2390 2997 ad
2431 2932 2682 2998 virtutis
2727 2933 2824 2999 fe:

768 3032 1146 3120 licitatisque
1184 3031 1637 3118 adeptionem:
1684 3030 1792 3097 sed
1834 3046 1910 3096 ut
1952 3044 2274 3119 praecepta
2313 3032 2668 3114 tradantur,
2714 3019 2828 3120 per

762 3159 908 3224 quae
955 3158 1310 3218 caveamuS,
1349 3159 1430 3201 ne
1478 3138 1820 3200 Poetarum
1867 3156 1984 3198 nos
2026 3134 2216 3199 leffio
2253 3134 2338 3199 de
2375 3135 2567 3199 rebus
2601 3135 2824 3201 divinis

762 3238 1182 3325 humanisque
1219 3237 1500 3325 perverse
1541 3236 1765 3301 sentire
1803 3256 1878 3300 ac
1910 3234 2205 3321 judicare
2241 3233 2623 3318 assuefaciat,
2661 3258 2821 3322 pro-.

759 3339 1088 3425 positoque
1131 3338 1383 3404 virtutis
1425 3339 1640 3403 frucku
1683 3336 2030 3401 frustretur.
2117 3335 2325 3422 Igitur
2361 3349 2820 3423 argumentum

761 3442 1277 3528 propofitumque
1304 3440 1448 3505 libri
1473 3439 1575 3504 his
1602 3438 1771 3525 quali
1809 3437 2040 3502 finibus
2071 3437 2474 3502 continetur:
2525 3436 2815 3501 Quomodo

741 3544 999 3629 juvenis
1026 3556 1297 3631 poemata
1340 3544 1535 3631 leg-ere
1561 3541 1790 3620 debeat,
1820 3551 1890 3603 ut
1918 3538 2011 3604 nil
2043 3540 2180 3604 inde
2211 3562 2318 3601 nec
2335 3536 2570 3624 judicio
2607 3538 2820 3602 erroris

758 3646 836 3707 de
874 3646 1044 3710 rebus
1078 3642 1471 3733 gravg’fflmis,
1516 3667 1620 3719 noc
1662 3643 1854 3709 animo
1887 3654 1944 3705 et
1981 3638 2232 3706 moribus
2268 3637 2599 3728 pravitatis
2619 3640 2821 3729 sufii-

801 3746 912 3810 iat.

754 3761 798 3834 p
844 3837 1026 3910 Dicit
1061 3859 1354 3934 poemata,
1392 3845 1710 3912 universe:
1767 3866 1886 3910 nec
1932 3839 2153 3908 Poetae
2176 3840 2521 3930 «quosdam,
2566 3854 2682 3906 aut
2718 3839 2817 3907 lo-

720 3969 868 4038 ·cos
904 3969 1150 4026 eorum,
1190 3961 1304 4011 aut
1336 3969 1577 4034 genera
1602 3958 1974 4033 poematum
2000 3942 2319 4008 excludit:
2367 3963 2486 4007 nec
2515 3936 2817 4008 sele&um

757 4063 826 4115 et
853 4047 1110 4135 eclogas
1138 4046 1360 4112 suadet
1387 4046 1678 4112 locorum
1708 4043 2207 4132 probandorum,
2243 4064 2364 4107 nec
2400 4042 2820 4108 exsectionem

756 4147 1357 4238 improbandorum:
1404 4149 1497 4212 ita
1535 4146 1793 4223 differit,
1831 4161 1908 4210 ut
1951 4146 1990 4209 fi
2036 4159 2210 4209 totos
2252 4154 2321 4208 et
2362 4144 2647 4230 integros
2688 4141 2822 4228 legi

753 4253 938 4318 velit:
986 4265 1055 4316 et
1083 4249 1367 4336 loquitur
1395 4247 1476 4313 de
1506 4248 1738 4330 Poetis,
1763 4247 1875 4334 qui
1901 4246 2094 4332 vulgo
2124 4244 2191 4308 in
2220 4243 2450 4308 scholis
2475 4257 2543 4307 et
2569 4243 2816 4307 institu-

757 4354 933 4424 tione
953 4353 1219 4444 puerilis
1246 4351 1453 4422 aetatis
1479 4351 1869 4417 terebantur.
1911 4351 2168 4414 Horum
2197 4342 2589 4413 carminibus
2613 4365 2817 4430 quum
