3067 5225
770 421 817 484 4
1154 401 1263 469 Ἰ).
1293 401 1412 468 W.
1442 399 1913 468 PRAEFATIO
1954 398 2424 472 ANIMADV.

770 585 913 657 rica
943 584 1285 675 doctrina,
1319 609 1480 684 quae
1524 595 1836 662 omnem
1861 587 2307 683 antiquarum
2342 605 2574 660 rerum
2620 584 2824 660 intel-

770 706 1133 806 ligentiam
1164 708 1678 806 complectitur,
1717 721 1793 782 et
1837 711 2020 782 intra
2051 705 2268 812 hujus
2298 709 2484 814 fines¹
2504 709 2650 782 duo
2681 708 2824 805 pri-

762 845 893 902 ora
948 831 1408 904 instrumenta
1464 833 1805 906 continet.
1897 832 2179 906 Criticae
2232 831 2826 929 Interpretationis

766 952 1011 1026 eadem
1045 953 1208 1026 sunt
1238 954 1718 1046 instrumenta,
1749 954 1994 1028 melem
2026 955 2159 1042 via,
2191 953 2374 1028 alius
2399 954 2585 1026 finis,

818 1101 831 1118 ‘
889 1076 1029 1148 Sed
1056 1077 1436 1173 ‚utriusque
1484 1077 2082 1175 Interpretationis
2130 1076 2274 1149 duo
2321 1075 2482 1149 sunt
2523 1093 2779 1173 genera·
2799 1104 2820 1147 ε

763 1197 1087 1287 alterum,
1144 1212 1580 1296 perpetuam,
1647 1199 1841 1298 quod
1904 1202 2124 1274 totius
2196 1197 2346 1271 libri
2412 1198 2820 1272 sententiam

763 1343 1165 1418 nexumque
1210 1322 1750 1420 complectitur:
1815 1321 2138 1409 alterum,
2178 1321 2590 1420 fingulare,-
2630 1319 2822 1417 quod

760 1466 911 1515 non
966 1443 1097 1534 nili
1147 1443 1552 1543 lingulam,
1609 1457 1861 1534 certos,
1921 1445 2215 1518 omnino
2271 1442 2629 1540 quosdam,
2687 1463 2822 1518 nec

749 1588 1009 1646 ,omnes
1040 1566 1288 1640 eodem
1325 1591 1537 1657 nexu,
1572 1567 1762 1640 locos
1795 1569 2100 1665 attingit.
2187 1566 2556 1661 Perpetua:
2592 1564 2816 1636 Inter-

744 1689 1166 1783 pretationis
1204 1685 1708 1760 Grammaticae
1753 1702 1893 1762 tres
1936 1688 2096 1762 sunt
2138 1687 2411 1776 formae‚
2444 1710 2571 1783 pro
2601 1687 2818 1759 varie-

757 1818 903 1880 tate
963 1808 1418 1908 longitudinis
1469 1834 1554 1880 ac
1609 1809 1991 1890 brevitatis,
2093 1811 2286 1884 Nam
2347 1809 2454 1881 vel
2517 1811 2612 1882 ita
2659 1808 2815 1881 red·

755 1929 1008 2003 dendae
1065 1931 1134 2003 se
1189 1931 1551 2028 adstringit
1605 1930 1994 2022 sententiae‚
2054 1942 2136 2001 ut
2184 1930 2414 2025 quoad
2463 1925 2617 2030 ejus
2664 1930 2814 2002 fieri

753 2053 999 2148 potest,
1034 2052 1369 2123 eumdem
1419 2051 2004 2124 enunciationum
2047 2071 2423 2128 numerum
2457 2048 2812 2122 ordinem-

753 2197 893 2270 que
926 2173 1199 2272 re'ferat,
1237 2185 1447 2271 atque
1480 2172 1651 2260 aliis„
1697 2197 1830 2246 nec
1865 2171 2091 2244 multo
2123 2171 2440 2268 pluribus
2471 2173 2811 2268 pauciori-

749 2294 987 2385 busve,
1032 2297 1259 2390 verbis
1307 2296 1494 2368 idem
1542 2293 1773 2368 dicati
1825 2319 1989 2392 quae
2036 2293 2292 2366 dicitur
2321 2292 2811 2392 Metaplzrqfis,

748 2429 825 2490 et
865 2417 1118 2517 Versto.
1226 2418 1357 2490 Vel
1393 2416 1802 2489 sententiam
1853 2417 1927 2488 in
1968 2440 2187 2518 pauca
2217 2415 2594 2503 contrahit,
2629 2412 2810 2518 ejus-

748 2564 888 2639 que
938 2538 1255 2612 nonnisi
1302 2541 1584 2612 brevem
1633 2539 1977 2615 summam
2028 2538 2299 2615 redditi
2351 2563 2513 2636 quae
2554 2537 2809 2612 dicitur

749 2663 1090 2761 Synopsts‚
1124 2664 1475 2759 Epitome,
1517 2660 2028 2759 Compendium‚
2063 2662 2598 2758 Argumentum.
2674 2661 2807 2735 Vel

743 2784 1050 2881 denique
1097 2784 1507 2859 sententiam
1557 2783 1874 2883 pluribus
1926 2784 2530 2861 enunciationibus
2578 2787 2804 2880 expri-

743 2906 900 2997 mit,
955 2908 1045 2979 ad
1102 2909 1489 2981 uberiorem
1541 2907 2065 3005 plenioremque
2112 2906 2639 3005 intelligentiam
2693 2906 2803 2983 di-

742 3028 939 3102 ducit
972 3054 1055 3102 ac
1086 3030 1334 3104 dilatat
1352 3053 1376 3102 z
1431 3056 1598 3127 quae
1638 3030 1893 3105 dicitur
1928 3029 2383 3129 Periphrafis,
2417 3027 2799 3119 Dilatatio,

738 3151 1244 3249 Amplifi'catio.
1297 3152 1702 3226 Verfionem
1736 3153 1863 3226 suo
1883 3174 2238 3251 quamque
2270 3151 2447 3224 libro
2479 3146 2801 3253 adjunxi-

739 3298 923 3348 mua.
1024 3275 1454 3372 Periphrafin
1506 3299 1550 3348 e
1597 3285 1932 3373 perpetua
1972 3275 2388 3374 fingularem
2436 3271 2798 3363 faciemus,

740 3419 874 3468 nec
922 3420 1075 3468 eam
1127 3399 1457 3471 omnibus
1508 3420 1689 3495 quos
1736 3409 2106 3496 tangemus
2151 3396 2342 3485 loeis,
2392 3392 2505 3467 sed
2546 3394 2628 3467 iis
2673 3399 2801 3494 qui

736 3541 894 3590 eam
927 3517 1302 3593 dcfiderare
1332 3521 1720 3608 videantur,
1755 3519 2260 3593 adhibebimus.
2332 3517 2592 3615 Neque
2621 3518 2798 3616 Epi·

738 3652 979 3714 tomas
1020 3643 1342 3715 omnium
1394 3643 1876 3716 exhibebimus
1926 3641 2309 3723 librorum;
2360 3663 2524 3713 nam
2566 3641 2796 3737 plero-

737 3788 1036 3861 rumque
1077 3777 1578 3864 argumentum
1621 3788 1744 3861 per
1777 3763 1846 3835 se
1885 3763 1982 3836 est
2017 3763 2496 3862 perspicuum:
2562 3786 2798 3860 neque

735 3885 1030 3960 lectores
1065 3886 1275 3993 nostri
1308 3886 1491 3958 hanc
1522 3887 1823 3961 nostram
1857 3908 2136 3982 operam
2171 3886 2554 3981 requirent,
2588 3887 2795 3982 quip-

731 4033 821 4104 pe
855 4008 999 4081 fere
1028 4004 1627 4083 accommodatam
1675 4007 2038 4081 tironibuS.
2139 4007 2375 4103 Atque
2410 4008 2491 4078 iis
2524 4008 2645 4104 qui
2682 4020 2793 4081 to-

677 4198 685 4206 .
733 4133 877 4204 tius
940 4130 1091 4202 libri
1170 4130 1447 4227 legendi
1513 4128 1895 4207 molestiam
1960 4128 2412 4225 laboremque
2475 4128 2793 4227 fugiunt,

732 4251 1090 4327 confilium
1123 4251 1575 4350 propositum,
1604 4265 1817 4350 atque
1849 4251 2023 4334 adeo
2047 4236 2567 4350 argumentum,
2604 4250 2791 4339 libri,
