3067 5225
523 435 629 505 IN
642 495 655 509 .
672 436 1193 506 PLUTARCHI
1240 437 1532 507 OPERA
1577 436 2020 512 MORALIA.
2219 463 2300 535 ας

222 627 542 712 Eorum,
589 628 711 724 qtii
759 625 1134 723 lingulares
1180 625 1633 700 Plutarcheos
1682 627 1945 702 libellos
1993 631 2303 706 tironum

220 750 487 846 ,captu-i
541 749 1181 836 accommodarunt,
1240 750 1541 845 copiolas
1603 776 1749 822 non
1803 754 2302 827 ‘consectaborz

226 886 463 970 atque
510 871 561 944 fi
606 871 914 959 subinde,
969 884 1051 944 ut
1097 872 1205 957 fit,
1241 872 1481 946 eadem
1530 872 1668 969 ipse
1709 873 1866 948 loca
1897 876 2305 976 monitaque

241 994 573 1081 attulerO,
610 994 768 1066 haec
802 1019 945 1070 non
980 1018 1063 1068 ex
1099 995 1371 1070 illorum
1410 995 1670 1083 rivuliS,
1704 994 1816 1070 sed
1845 1023 1929 1071 ex
1961 998 2113 1095 ipsis
2147 998 2306 1073 fon-

246 1118 433 1189 tibus
481 1118 552 1188 in
602 1142 841 1189 meum
885 1130 1286 1215 apparatum
1321 1117 1538 1190 ducta
1568 1143 1654 1189 ex
1693 1143 1917 1216 eoque
1949 1123 2021 1193 in
2053 1123 2308 1194 Anim-

242 1240 677 1313 adt-erfiones
736 1240 1095 1336 depromta
1150 1254 1379 1313 erunt.
1477 1242 1920 1336 Suoceffores·
1941 1245 2120 1333 mei,
2171 1244 2306 1318 five

246 1361 559 1435 universa
602 1364 738 1435 five
789 1363 1149 1460 singularia
1199 1363 1550 1460 Plutarchi
1596 1389 1800 1462 opera
1844 1365 2094 1440 edituri
2145 1367 2302 1457 sint,

245 1510 477 1558 meam
512 1511 789 1583 operam
826 1486 1089 1558 ctiamfi
1135 1486 1185 1559 fi
1232 1487 1715 1584 superaverint,
1764 1514 1852 1561 ne
1886 1490 2303 1587 despiciente

246 1609 341 1681 illi
393 1610 734 1707 cogitent,
776 1608 985 1707 longe
1034 1611 1312 1705 majoris
1362 1612 1497 1681 effe
1551 1609 1799 1703 laboris
1847 1610 2310 1684 fundamenta

229 1728 476 1834 jacere
518 1731 1033 1831 aedificiumque
1079 1734 1446 1819 exstruere,
1483 1756 1697 1830 quam
1738 1731 2078 1806 exstructo
2121 1733 2306 1806 fasti-

246 1858 453 1953 gium
511 1855 901 1951 imponere:
955 1855 1030 1926 hi
1089 1853 1453 1926 attendant
1496 1866 1567 1925 et
1601 1866 1870 1951 quanto
1917 1855 2000 1928 fit
2044 1853 2308 1929 facilius

252 2003 482 2050 unum
520 1978 807 2075 copiose,
836 2002 1049 2074 quam
1076 1977 1461 2075 octogenos
1494 1977 1768 2048 modice
1799 2000 2044 2058 ornare
2075 1978 2307 2069 libros,

248 2113 323 2174 et
359 2103 430 2173 in
476 2102 662 2198 parvi
697 2101 904 2173 libelli
938 2102 1255 2198 quamvis
1286 2098 1558 2198 copioso
1594 2103 2096 2174 commentario
2135 2126 2310 2174 con-

250 2223 549 2296 ficiendo
580 2248 729 2295 non
762 2224 996 2296 omnia
1027 2224 1366 2296 exhauriri
1397 2249 1438 2295 a
1473 2224 1673 2295 nobis
1705 2225 1914 2322 posse,
1950 2225 2311 2326 multaque

256 2347 551 2419 nostram
601 2346 1026 2445 diligentiam
1079 2346 1413 2444 effugere,
1461 2371 1622 2442 quae
1672 2345 1757 2417 ad
1810 2371 1956 2418 rem
2004 2349 2307 2444 pertine-

254 2482 412 2542 ant:
467 2494 773 2567 quorum
810 2481 1188 2566 utrumque
1233 2469 1369 2565 ipse
1399 2480 1721 2565 expertus
1764 2468 1913 2541 sum
1964 2470 2038 2542 in
2080 2468 2311 2542 libello

256 2593 342 2666 de
397 2594 567 2666 Sera
624 2592 963 2665 Numinis
1021 2592 1367 2665 Vindicta.
1470 2588 1717 2695 Hujus
1770 2592 1981 2665 editio
2044 2604 2311 2690 quanto

261 2717 577 2790 habuerit
612 2714 986 2788 faciliorem
1020 2715 1465 2788 effectionem
1508 2740 1722 2812 quam
1771 2716 1984 2787 editio
2036 2718 2312 2789 univer-

262 2839 485 2913 sorum
542 2864 859 2937 operum,
915 2838 1050 2911 dixi
1101 2840 1171 2910 in
1223 2836 1629 2935 praefatione
1674 2840 1900 2934 primo
1949 2838 2312 2913 Volumini

260 2964 650 3059 praemiss'a:
703 2973 777 3034 et
808 2961 1456 3033 Animadverfiones
1504 2986 1683 3034 meae
1733 2961 1822 3032 ad
1872 2960 2064 3034 illum
2113 2961 2312 3035 libel-

263 3085 407 3158 lum
448 3085 765 3184 quamvis
805 3084 1200 3181 fi'equentes
1244 3109 1326 3155 ac
1367 3082 1639 3155 refertae
1690 3095 1926 3156 tamen
1972 3108 2138 3155 eum
2188 3083 2314 3154 ha-

264 3208 432 3282 bent
464 3208 782 3295 modum,
828 3219 936 3296 ut,
983 3231 1129 3279 non
1174 3207 1331 3279 dico
1381 3206 1470 3279 ad
1526 3206 2049 3303 perfectionem,
2084 3203 2198 3276 sed
2229 3205 2317 3276 ad

264 3333 709 3404 necessarium
771 3330 1354 3427 interpretationis
1409 3328 1726 3400 officium
1786 3326 2011 3398 multa
2061 3327 2142 3398 iis
2194 3325 2318 3401 de-

266 3454 442 3526 fint:
523 3478 826 3551 quorum
889 3452 1081 3525 haud
1128 3449 1713 3524 contemnendam
1769 3459 2033 3547 partem
2089 3450 2323 3547 postea

270 3577 406 3649 vidi
455 3588 531 3650 et
579 3578 931 3649 annotavi.
1037 3574 1396 3647 Caeterum
1446 3599 1490 3645 a
1535 3572 2019 3645 successoribus
2062 3575 2236 3646 meis
2269 3573 2322 3647 fi

274 3699 657 3798 exspectem
687 3711 791 3787 ut,
827 3723 967 3797 qua
990 3722 1123 3796 ego
1155 3722 1321 3796 erga
1352 3719 1548 3769 meos
1580 3694 1954 3767 decefl‘ores
1987 3695 2323 3795 religione

275 3823 430 3895 usus
482 3824 661 3910 sum,
716 3822 957 3894 eadem
1014 3821 1133 3917 ipfi
1186 3844 1350 3918 erga
1394 3843 1510 3891 me
1554 3829 1872 3907 utantur,
1913 3843 2059 3890 non
2092 3818 2325 3892 videar

278 3947 559 4018 nimiam
612 3945 701 4016 ab
756 3946 836 4016 iis
878 3944 1167 4041 gratiam
1224 3941 1636 4039 exspectare.
1739 3941 1861 4012 Sin
1907 3941 2044 4013 hoc
2096 3938 2326 4044 majus

280 4068 373 4139 cst
418 4094 629 4166 quam
684 4092 815 4164 pro
866 4066 1078 4161 hujus
1135 4064 1361 4137 saeculi
1422 4066 1755 4153 moribus,
1816 4064 2092 4161 meique
2148 4062 2325 4134 mihi

279 4188 685 4263 success‘ores
742 4188 810 4260 se
867 4188 1188 4287 graculos
1242 4189 1688 4285 praebebunt3
1759 4185 2159 4258 consolabor
2208 4206 2326 4255 me

276 4338 434 4386 cum
468 4311 886 4385 conscientia
934 4311 1121 4384 reete
1167 4309 1538 4399 factorum,
1588 4322 1742 4382 tum
1776 4307 2096 4379 societate
2127 4331 2328 4405 mag·
