3067 5225
792 462 904 527 162
1061 465 1143 523 D.
1173 464 1275 523 W.
1315 458 1735 524 ANIMADV.
1775 460 1870 520 m
1912 454 2375 520 PLUTARCHI
2415 458 2567 520 Lm.

788 623 962 692 deat.
1016 626 1114 691 At
1141 624 1521 691 Plutarchus
1546 621 2099 692 verisimilitudinis
2124 619 2365 708 ubique
2390 621 2703 687 rationem
2733 619 2850 687 ha⁴

771 726 973 809 ·buit;
1047 738 1123 791 ut
1166 724 1308 814 ejus
1360 747 1633 791 acumen
1686 746 1762 788 ac
1817 722 2174 790 doctrinam
2218 722 2432 787 mirari
2484 722 2866 807 debeamus*

790 828 929 915 qui,
968 848 1171 915 quum
1214 841 1351 892 tam
1392 829 1601 892 arctos
1643 825 1751 891 fibi
1789 822 2354 911 circumscripsisset
2396 823 2551 889 fines
2590 825 2858 912 ususque

774 929 1356 995 =instrumentorum
1399 928 1484 994 ad
1528 927 1995 995 immutandam
2024 926 2429 1008 sententiam,
2465 942 2680 993 tamen
2721 940 2857 992 tam

791 1031 1029 1096 multas
1074 1029 1403 1118 speciosas,
1449 1052 1569 1095 nec
1613 1053 1652 1094 a
1693 1029 2117 1118 grammatica
2158 1024 2402 1096 ratione
2443 1030 2860 1097 abhorrentes

792 1130 924 1197 vias
950 1132 1296 1219 aperuerit,
1325 1132 1560 1218 quibus
1588 1130 1932 1197 difficultas
1959 1130 2385 1218 expediretur.

879 1236 1006 1299 Hae
1035 1234 1152 1299 viae
1194 1246 1261 1299 et
1303 1232 1762 1321 interpretandi
1803 1232 2083 1299 rationes
2118 1256 2160 1297 a
2200 1232 2544 1300 Plutarcho
2571 1228 2859 1321 defigna-

795 1348 901 1414 tae,
942 1348 1017 1400 ut
1058 1358 1166 1400 eas
1207 1335 1575 1401 summatim
1623 1357 1700 1400 ac
1742 1332 2044 1423 deinceps
2086 1335 2370 1424 capitum
2412 1334 2637 1401 ordine
2676 1357 2857 1401 com·

794 1436 1175 1526 plectamur,
1206 1434 1574 1524 hujusmodi
1602 1436 1776 1501 sunt.

883 1540 971 1602 II.
1028 1538 1290 1604 Juvenie
1333 1538 1551 1603 animo
1586 1538 1848 1603 infixum
1878 1552 1947 1604 et
1975 1539 2040 1605 in
2070 1551 2331 1626 promtu
2356 1538 2613 1621 habeat,
2647 1540 2890 1606 Poeta·

792 1639 1079 1705 officium
1108 1641 1229 1705 ess‘e
1257 1640 1521 1728 fingere,
1551 1639 1885 1706 materiam
1911 1646 2085 1723 μῦθον
2112 1654 2180 1706 et
2202 1643 2413 1717 ψεῦδος·
2462 1640 2682 1705 fictum
2714 1662 2861 1705 ma·-

793 1741 896 1828 gis
923 1741 1228 1820 oblectat,
1258 1763 1453 1829 quam
1481 1762 1700 1806 verum
1727 1767 1744 1805 x
1793 1741 1934 1807 haec
1972 1741 2284 1831 cogitatio
2311 1741 2619 1807 continuo
2647 1742 2865 1808 munit

762 1880 771 1891 ·
793 1842 1075 1930 legentis
1099 1843 1388 1908 animum
1415 1842 1706 1908 adversus
1732 1843 1979 1909 fabulas
2007 1843 2089 1909 de
2114 1843 2257 1924 diis,
2298 1858 2367 1908 et
2404 1843 2658 1909 inferis:
2705 1864 2868 1931 quas
2893 1915 2899 1920 ,

796 1944 1044 2010 fabulas
1078 1957 1290 2032 poetae
1332 1944 1433 2009 vel
1475 1943 1581 2031 ipsi
1622 1966 1752 2010 non
1781 1944 2080 2026 credunt,
2108 1960 2176 2011 et
2204 1943 2439 2010 indicia
2473 1946 2764 2032 praebent
2804 1946 2870 2011 se

795 2062 906 2110 eas
935 2068 1065 2110 non
1094 2045 1374 2126 credere,
1403 2045 1495 2110 ita
1516 2045 1732 2111 minus
1760 2059 2029 2112 nocente
2061 2047 2159 2112 vel
2188 2045 2621 2133 credunt-ipsi,
2651 2046 2871 2133 itaque

797 2144 1123 2230 legentem
1158 2144 1426 2210 'facilius
1479 2147 1546 2211 in
1604 2146 1906 2218 eumdem
1957 2168 2239 2213 errorem
2294 2146 2656 2234 abripiunt=
2723 2159 2871 2215 mm

795 2247 924 2313 illia
981 2244 1514 2333 Philosophorum
1568 2247 1954 2333 opponenda
2006 2248 2380 2329 auctoritas,
2413 2246 2868 2336 Empedoclis,

795 2347 1243 2436 XenophaniS,
1286 2348 1590 2430 SocratiS,
1626 2351 1710 2415 de
1745 2350 1935 2418 rebus
1972 2349 2202 2416 divinia
2247 2350 2340 2416 nil
2377 2349 2522 2415 sciri
2559 2350 2868 2438 profiten-

796 2454 996 2520 tium.

882 2555 1013 2621 ΙΙΙ.
1069 2554 1167 2619 Ut
1212 2553 1504 2633 Picturae,
1551 2552 1640 2620 ita
1684 2555 1971 2637 Poese03‚
2009 2554 2097 2622 est
2132 2552 2416 2621 officium
2442 2574 2701 2643 quoque
2725 2551 2867 2618 imi·

801 2656 987 2720 tatio.-
1034 2655 1101 2720 in
1127 2677 1257 2743 qua
1287 2654 1611 2742 spectatur
1651 2677 1781 2721 non
1819 2679 1899 2722 an
1946 2669 2405 2745 argumentum
2430 2656 2775 2724 fitbonum
2800 2668 2875 2722 et

798 2757 1123 2848 pulcrum,
1170 2757 1278 2824 sed
1318 2781 1401 2823 an
1443 2757 1789 2846 diligenter
1831 2759 1942 2825 ad·
1970 2757 2444 2824 similitudinem
2485 2757 2703 2846 imago
2753 2779 2868 2824 cx·

800 2859 1000 2949 press‘a
1028 2859 1126 2926 fit.
1201 2860 1414 2949 Igitur
1441 2861 1649 2947 turpis
1675 2860 1842 2926 aetio
1869 2861 1969 2927 vel
2002 2859 2205 2927 oratio
2247 2860 2754 2949 probabiliter-et
2788 2857 2874 2923 ad

804 2961 1302 3029 delectationem
1332 2963 1966 3050 commotionemque
2002 2961 2321 3029 audientis
2348 2974 2675 3043 exornata,
2695 2959 2878 3049 apud

800 3085 954 3138 eum
985 3085 1116 3130 non
1145 3063 1337 3131 debet
1364 3063 1572 3130 valere
1601 3062 1684 3128 ad
1709 3086 1853 3129 eam
1880 3064 2280 3153 probandam
2308 3079 2385 3130 ut
2413 3067 2676 3133 bonam.

888 3166 1010 3232 IV.
1069 3166 1156 3230 Et
1209 3162 1727 3252 quandoquidem
1788 3166 2002 3232 Poetae
2051 3167 2219 3253 saepe
2270 3165 2505 3232 indicia
2556 3166 2874 3254 praebent,

801 3263 958 3354 quid
987 3262 1095 3352 ipfi
1126 3266 1423 3351 probent,
1449 3262 1592 3330 haec
1629 3262 1867 3330 indicia
1902 3263 2246 3354 diligenter
2287 3267 2435 3331 sunt
2476 3264 2876 3330 animadver-

800 3365 1016 3432 tenda.
1105 3370 1274 3431 Sunt
1304 3380 1525 3431 autem
1552 3363 1654 3431 vel
1681 3364 1931 3448 diserta,
1978 3381 2090 3432 aut
2120 3367 2409 3453 pluribus
2435 3365 2638 3433 verbis
2663 3365 2875 3453 expli-

801 3470 953 3549 cita,
998 3468 1097 3533 vel
1141 3490 1274 3534 uno
1309 3467 1602 3554 epitheto
1644 3465 1984 3552 declarata,
2028 3467 2225 3534 veluti
2267 3467 2349 3533 de
2389 3465 2677 3532 Pandaro
2701 3473 2879 3554 -τὸ

802 3574 859 3636 δὲ
887 3572 986 3661 φςέ
988 3599 1080 3647 νας
1105 3571 1289 3660 ἄφρονι
1317 3575 1538 3637 πεῖθεν·
1583 3570 1704 3636 vel.
1724 3571 2051 3638 obscurius
2093 3570 2459 3660 significata,
2498 3566 2682 3635 exitu
2713 3568 2879 3636 faci-

804 3674 1002 3754 noriS,
1036 3687 1112 3737 ut
1139 3673 1475 3761 Euripides
1515 3671 1806 3738 Ixionem
1840 3687 1999 3739 rotae
2027 3672 2285 3739 affixum
2311 3672 2498 3742 fecit.
2545 3674 2881 3738 Homerus

804 3772 1040 3837 Martis
1077 3786 1145 3837 ct
1171 3773 1441 3841 Veneris
1478 3772 1792 3839 adulterio
1834 3775 2132 3855 ostendit,
2176 3797 2436 3862 pravam
2477 3774 2779 3840 mufieam
2809 3785 2884 3838 et

804 3872 1160 3937 orationem
1208 3893 1432 3960 pravos
1474 3887 1544 3939 et
1584 3873 2011 3942 effoeminatoa
2063 3897 2284 3964 parere
2329 3897 2578 3942 mores:
2643 3874 2710 3939 in
2755 3875 2884 3939 Ju-

805 3976 994 4044 nonis
1033 3977 1257 4044 fraude
1283 3982 1509 4046 Jovem
1538 3980 1623 4046 ad
1656 3982 2079 4047 concubitum
2105 3981 2486 4069 pellicientia
2513 3979 2752 4045 fafflm
2779 3977 2880 4042 vi-

803 4091 1061 4167 tuperat
1087 4078 1412 4146 iracundia
1434 4095 1509 4148 et
1534 4081 1725 4148 minis
1749 4084 1923 4150 Jovis
1949 4107 2105 4174 erga
2127 4087 2479 4151 Junonem.
2543 4083 2688 4149 Nec
2713 4102 2884 4168 opua

803 4182 892 4247 est
928 4181 1042 4247 has
1078 4182 1323 4247 fabulas
1358 4205 1475 4272 per
1502 4183 1873 4273 allegoriam
1917 4199 2275 4274 pervertere
2317 4200 2386 4251 et
2426 4184 2509 4250 ad
2553 4183 2886 4274 physicam

807 4285 1120 4350 rationem
1159 4285 1517 4367 traducere,
1560 4288 1860 4375 fingenda
1894 4288 2349 4377 conjunctione
2386 4288 2642 4354 aetheria
2670 4300 2741 4354 et
2765 4308 2885 4355 ac-

808 4385 931 4451 ris:
979 4387 1110 4474 ipse
1152 4387 1326 4454 enim
1366 4389 1564 4471 Poeta
1604 4388 1984 4458 solutionem
2011 4393 2260 4482 prebet
2292 4391 2624 4459 moralem.
2694 4392 2885 4480 Ωῃιο
