3067 5225
708 414 817 480 DE
858 414 1309 483 AUDIENDIS
1350 414 1642 482 POETIS.
1683 441 1739 498 p.
1764 432 1862 481 20.
1892 423 1969 494 A,
1990 420 2058 483 Β.
2293 434 2412 500 209

346 604 415 687 Ρ.
449 602 597 671 920.
634 583 741 649 D.
803 582 909 658 ὥςε
959 585 1325 673 Κλεοπάτραν
1369 586 1704 649 διδασκάλια
1742 584 1940 649 ‘behet'
1939 612 1978 671 ᾳ
2013 592 2106 663 τῆς
2146 587 2410 651 ’Am-mle

342 710 508 771 γυναι
512 686 812 774 κοκρασίας
842 686 1083 769 ὀφείλειν.
1157 687 1483 751 Strabonis
1510 688 1699 751 verba
1723 687 1848 750 III.
1879 710 1944 774 p.
1973 704 2118 772 251.
2150 691 2244 752 B:
2293 689 2410 775 ἔχει

344 789 464 875 γάρ
503 805 628 851 τινα
674 787 1161 874 γυναικοκρασίαν·
1213 793 1348 852 τὲτο
1392 791 1434 850 δ’
1478 793 1538 851 οὐ
1570 815 1728 853 σανυ
1763 804 1908 851 ωολι
1910 794 2082 867 τικόν,
2123 790 2418 875 apposuit

347 881 521 953 Dan.
550 886 856 953 Scottus'
840 912 902 951 m
931 887 1236 974 Append.
1265 888 1347 951 ad
1374 889 1560 953 Thes.
1593 911 1659 974 p.
1689 906 1835 973 757.
1897 890 2103 977 Igitur
2131 891 2411 976 ejusdem

346 990 481 1055 fere
508 990 595 1054 est
624 990 946 1075 potestatis
971 1011 1045 1054 ac
1083 990 1507 1073 γυναικομανία,
1545 989 1907 1074 γυναιμανία,
1938 989 2319 1075 πηιὶἱινρβίας
2347 1007 2416 1056 et

346 1091 608 1181 quidem
653 1093 1068 1180 intemperans,
1104 1092 1189 1156 est
1224 1091 1396 1156 enim
1430 1114 1468 1156 a
1506 1099 1701 1180 κρᾶσις
1739 1105 2291 1179 temperamentum.-
2336 1105 2416 1157 ut

350 1186 462 1258 illa
485 1194 571 1257 est
594 1192 909 1280 iry‘aniens,
941 1216 980 1256 a
1005 1191 1250 1274 μαίνανε
1299 1206 1645 1280 tueturque
1673 1195 1734 1258 se
1762 1194 1982 1258 eadem
2007 1193 2269 1280 originis
2292 1217 2413 1259 no-

350 1293 618 1373 tatione,
646 1314 775 1380 qua
801 1294 1075 1382 ακρασία,
1105 1296 1199 1357 εὐκ
1165 1290 1396 1383 κ,ρασία
1427 1295 1762 1382 δυσκρασία,
1793 1294 2161 1382 ἑωλοκρασία.
2230 1295 2412 1360 Con-

341 1394 645 1482 junfimm
680 1394 933 1460 videtur
959 1408 1027 1459 et
1063 1407 1412 1482 cognatum
1455 1396 1895 1485 γυναικὸκρατία
1923 1396 2203 1459 muliebre
2231 1396 2432 1484 impe-·

354 1495 533 1577 rium,
562 1496 735 1585 quod
763 1497 919 1561 item
947 1496 1204 1576 dicitur,
1234 1511 1312 1561 ut
1337 1497 1727 1586 ἁριςοκρατία,
1758 1498 2120 1585 δημοκρατία,
2150 1510 2218 1562 et
2246 1499 2416 1563 fimi-

350 1596 475 1661 liaz
536 1616 921 1686 quamquam
967 1598 1183 1685 potius
1228 1599 1314 1662 est
1366 1594 1577 1679 affine,
1624 1621 1662 1662 a
1720 1599 1942 1687 κράτος,
2000 1595 2239 1687 κρατέω,
2296 1620 2416 1664 nec

354 1699 851 1777 controversum,
881 1699 1118 1785 quippe
1147 1697 1389 1763 ratione
1410 1712 1476 1763 et
1504 1700 1622 1764 usu
1653 1700 2008 1764 firmatum:
2041 1699 2212 1786 apud
2237 1699 2418 1765 Plut-

356 1799 624 1863 archum
656 1799 1148 1886 Apophthegm.
1190 1820 1254 1885 p.
1288 1801 1431 1885 198.
1461 1801 1563 1864 D:
1612 1803 1892 1886 Lycurg.
1923 1821 1987 1886 p.
2012 1817 2120 1883 47.
2150 1803 2235 1864 E:
2287 1801 2417 1864 Ca-

310 1950 319 1955 .
359 1914 516 1964 tone
542 1898 705 1987 Maj.
751 1922 815 1988 p.
844 1898 993 1987 34‘0.
1018 1903 1113 1966 B:
1168 1899 1574 1967 Aristotelem
1608 1905 1766 1987 Rep.
1792 1904 1878 1966 V.
1915 1919 2015 1964 11.
2043 1913 2114 1965 et
2151 1927 2418 1987 γυναικο·

358 2000 711 2090 ngat-timot,
750 2004 836 2068 ib.
871 2005 960 2067 ῙῘ.
990 2022 1053 2088 7.
1131 2006 1344 2083 PorrO,
1385 2004 1828 2092 γυναικοκρασία
1871 2006 1957 2069 est
2001 2006 2066 2067 in
2105 2006 2284 2086 viris,
2318 2005 2423 2093 qui

352 2103 603 2168 nimium
630 2096 974 2169 mulieribus
1000 2105 1187 2168 dediti
1208 2106 1410 2191 sunt:
1454 2106 1917 2193 γυναικοκρατία,
1958 2107 2024 2170 in
2059 2105 2421 2188 mulieribus,

354 2226 495 2289 qua
520 2204 822 2291 &aperiunt
858 2203 1138 2267 obtinent.
1214 2204 1566 2284 Caeterum,
1611 2220 1686 2269 ut
1725 2206 2015 2292 ἀκράτεια,
2055 2207 2421 2293 impotentia,

358 2303 801 2383 incontinentia,
853 2317 922 2369 et
968 2303 1242 2392 ἀκρασία,
1296 2306 1682 2392 intemperies,
1742 2306 2217 2393 intemperantia,
2274 2330 2425 2371 cum

358 2404 477 2468 usu
520 2405 938 2491 Scriptorum,
989 2419 1131 2470 tum
1187 2429 1398 2472 errore
1454 2398 1879 2486 librariorum,
1939 2409 2103 2493 saepe
2160 2407 2425 2471 confusa

358 2504 530 2585 sunt,
557 2505 725 2592 quasi
753 2506 1009 2593 ἀκρασία
1045 2507 1210 2571 fafita
1247 2507 1398 2573 effet
1429 2530 1507 2572 ex
1534 2530 1689 2574 voce
1726 2508 2074 2596 ἀκρατησία,
2105 2507 2280 2594 quod
2323 2520 2424 2572 ta·

359 2628 511 2672 men
539 2605 771 2672 rationi
800 2620 1138 2695 repugnat,
1180 2607 1331 2674 licet
1369 2609 1535 2674 sorte
1573 2608 1876 2697 opinione
1904 2610 2147 2698 vulgari
2191 2610 2424 2698 proba-

359 2721 529 2787 tum,
577 2731 696 2774 nec
741 2709 1174 2795 improbatum
1220 2710 1416 2775 fuerit
1459 2713 1552 2775 H.
1592 2712 1920 2797 Stephano
1959 2712 2146 2776 Thes.
2188 2714 2265 2776 L.
2309 2714 2426 2777 Gr.

360 2810 439 2872 T.
471 2811 559 2874 11.
604 2833 671 2896 p.
708 2829 851 2894 134.
896 2823 965 2874 et
1004 2827 1170 2894 405:
1231 2810 1321 2875 ita
1363 2824 1588 2897 putem
1630 2812 1853 2878 eadem
1896 2814 2253 2877 temeritate
2296 2812 2430 2878 duo

363 2909 507 2976 haec
550 2912 835 2991 nomina,
878 2912 1350 3000 γυναικοκρασίαν
1392 2927 1461 2976 et
1499 2914 1991 3000 γυναικοκρατίαν,
2038 2913 2278 2999 agitata
2318 2914 2425 2975 fu-

364 3011 493 3077 iffe.

452 3134 557 3180 20.
582 3116 669 3179 A.
715 3117 1024 3199 Εἵματάτ’
1053 3116 1423 3203 ὅξημιέμ]
1476 3115 1694 3203 Odyss'.
1725 3121 1811 3180 Θ.
1843 3135 1990 3202 249.

354 3263 371 3280 .
453 3233 557 3280 20.
584 3217 675 3280 A.
714 3219 880 3281 '‘Aio.
910 3216 1021 3303 drys
1047 3222 1218 3304 δὴ-]
1272 3218 1489 3305 odyff.
1518 3222 1607 3282 Θ.
1634 3237 1785 3303 492.

449 3335 556 3382 20.
585 3316 671 3381 A.
715 3319 995 3405 σωφρόνων
1022 3319 1114 3399 κα)
1138 3328 1252 3384 νοῦν
1282 3321 1543 3407 ἐχόντων]
1588 3321 1754 3384 Haec
1773 3341 1972 3406 quum
2002 3315 2426 3381 differentiam

367 3418 433 3481 in
477 3432 737 3503 promtu
781 3421 1044 3506 pofitam
1081 3421 1380 3501 habeant,
1424 3421 1872 3509 temperantium
1914 3433 1979 3484 et
2026 3418 2431 3512 prudentium,

369 3517 733 3602 Stephanus
787 3517 970 3600 illud,
1016 3520 1164 3585 loco
1210 3522 1438 3586 veteris
1486 3520 1776 3585 leffionis
1822 3538 1965 3607 φρονι
1957 3518 2107 3600 ’,μων
2162 3517 2431 3603 recepit.

370 3618 574 3702 Atqui
602 3617 778 3683 haud
804 3619 1093 3685 diffimile
1118 3621 1205 3685 est
1236 3620 1514 3685 Platonis
1545 3623 1705 3705 Leg'.
1736 3621 1856 3682 XI.
1897 3618 2100 3695 initio,
2143 3625 2257 3680 νοῦν
2289 3616 2434 3703 ἔχων

370 3717 639 3805 ἔμφρονας
690 3718 1207 3785 Plutarch1Adv
1237 3721 1437 3785 Stoic.
1470 3742 1535 3806 p.
1567 3736 1752 3803 1077.
1782 3723 1875 3784 Ε.
1923 3724 2102 3792 κοινὰς
2131 3736 2192 3804 φρ
2203 3715 2321 3792 ἕνας
2345 3721 2431 3781 δι-

366 3820 510 3899 δέκα(
551 3846 645 3901 και
686 3821 854 3884 κοινον
890 3830 1026 3885 νοῦν.
1097 3841 1205 3903 42.
1247 3823 1336 3886 D.
1379 3822 1626 3887 Theseo
1667 3842 1733 3907 p.
1763 3841 1829 3907 3.
1873 3822 1969 3886 B:
2025 3825 2173 3903 μησὶ
2214 3827 2301 3883 νοῦ
2341 3844 2437 3901 και

366 3919 672 3994 coricum:
732 3920 891 3985 item
931 3923 1093 4004 σοφὸς
1129 3934 1198 3986 et
1233 3922 1477 4008 φρόνιμος
1503 3921 1877 4009 junguntur
1910 3920 2078 3986 Adv.
2120 3920 2318 3985 Stoic.
2365 3940 2432 4004 p.

373 4024 560 4087 1061.
592 4025 673 4089 C.
733 4027 919 4108 1067.
949 4027 1035 4090 A.
1099 4025 1269 4090 Adv.
1317 4024 1577 4111 Epicur.
1620 4045 1688 4110 p.
1734 4024 1917 4087 1106.
1958 4022 2038 4088 C.
2110 4019 2432 4105 Aristoph.

366 4125 530 4189 Ran-
557 4142 711 4211 537.
734 4128 967 4214 -σρὸς
994 4125 1177 4214 ἀνδρός
1203 4131 1284 4199 ἔςι
1318 4132 1431 4190 νοῦν
1459 4125 1681 4211 ἔχοντος
1708 4122 1804 4207 καὶ
1827 4115 2126 4213 φρένας-ὲ.
2176 4121 2433 4187 Thesm-

368 4226 518 4312 298.

456 4345 563 4392 20.
589 4326 666 4391 B.
701 4325 899 4416 Ὅφρα
921 4328 1143 4416 ἴδῃς-]
1197 4327 1375 4396 Iliad.
1401 4331 1482 4392 Ο.
1505 4347 1616 4414 32·

492 4447 806 4495 VOL.V1.
1467 4449 1506 4494 Ρ
