3067 5225
723 447 763 504 J
765 445 1125 506 UmcmM
1162 444 1271 505 DE
1310 443 1710 506 AUCTORE.
1787 465 1794 470 ·
2167 457 2244 508 33

198 621 436 691 gerem.
526 606 627 673 Ibi
646 619 812 674 'tum
839 606 1067 688 evenit,
1102 621 1180 673 ut
1205 609 1454 696 quoties
1488 610 1580 674 ab·
1596 608 1731 674 aliis
1758 607 1952 696 iisque
1983 629 2242 696 germa-

56 693 57 726 ¹
199 710 290 773 nis
316 711 635 777 Plutarchi
659 712 835 778 libris
860 711 942 777 ad
968 712 1153 777 istum
1182 713 1282 776 De
1310 713 1685 777 Educatione
1709 712 2100 793 accederem,
2139 726 2245 779 to-

200 809 308 875 ties
346 812 510 877 mihi
555 813 764 879 nescio
790 813 946 901 quid
982 836 1217 882 novum
1246 837 1322 880 ac
1356 813 1784 901 peregrinum,
1820 815 1901 879 ab
1943 815 2051 882 illa
2095 817 2246 881 Plu-

200 911 451 977 tarchea
478 914 662 1003 copia
696 926 764 979 et
799 914 1109 1002 gravitate
1136 913 1445 980 diversum
1471 914 1609 980 leve
1651 928 1720 980 et
1761 915 1971 997 inane,
1998 914 2081 980 ad
2106 916 2247 981 ani·

200 1034 373 1078 mum
415 1013 788 1103 sensumque
828 1014 1165 1086 accideret.
1255 1014 1457 1103 quue
1499 1015 1805 1102 paulatim
1852 1016 2246 1082 animadver-

200 1115 393 1180 tendo
433 1116 560 1181 tale
601 1129 980 1202 tantumque
1018 1116 1141 1180 effe
1183 1115 1478 1203 cognovi,
1521 1129 1598 1181 ut
1640 1116 1745 1182 hic
1783 1115 2034 1182 libellus
2069 1116 2248 1182 nullo

201 1215 390 1280 modo
430 1239 470 1280 a
513 1216 878 1296 Plutarcho,
920 1217 1037 1282 five
1067 1216 1303 1303 juvene
1338 1216 1451 1281 illo
1490 1217 1609 1282 five
1639 1217 1806 1297 sene,
1836 1216 2016 1282 scribi
2050 1233 2245 1305 potu-

201 1317 332 1397 erit,
380 1317 485 1383 sed
527 1319 723 1383 alium
771 1318 1054 1406 quemvis
1100 1318 1389 1406 opificem
1437 1319 1671 1384 habere
1718 1319 2031 1385 debuerit.
2118 1320 2247 1385 Sed

200 1415 317 1482 hoc
345 1441 477 1484 non
513 1419 621 1484 nifi
648 1418 732 1484 ad
757 1429 974 1484 m‘eum
1001 1418 1163 1484 mihi
1196 1418 1440 1486 sensum
1470 1419 1614 1484 satis
1640 1432 1797 1485 erat.
1878 1421 2085 1489 Nunc
2123 1441 2249 1507 age

201 1519 606 1605 experiamur,
643 1542 725 1585 an
762 1520 939 1585 hunc
967 1518 1349 1605 implicitum
1372 1515 1596 1585 'animo
1630 1521 1877 1586 sensum
1904 1519 1988 1584 ad
2016 1519 2248 1607 judicii

197 1621 697 1708 perspicuitatem
722 1620 1246 1708 diligentiamque
1274 1620 1611 1706 explicare,
1642 1632 1711 1684 et
1736 1620 2046 1686 hactenus
2073 1635 2247 1686 certe

199 1741 342 1786 cum
376 1720 717 1786 lectoribus
746 1720 965 1786 nostris
992 1719 1468 1785 communicare
1495 1718 1815 1804 potinum,
1840 1732 1915 1784 ut
1940 1720 2244 1786 affensum

199 1821 382 1886 nobis
408 1821 592 1886 suum
618 1843 699 1885 ne
723 1820 1063 1908 denegent.
1153 1818 1505 1898 Caeterum,
1533 1841 1733 1905 quum
1768 1819 1895 1885 hoc
1927 1818 2243 1906 judicium

198 1922 476 1988 versetur
498 1922 563 1990 in
592 1909 1117 1992 demonstratione
1142 1911 1439 1984 not‘arum
1466 1918 1655 2004 spurii
1686 1932 1754 1984 et
1792 1918 1980 1985 alieni
2013 1920 2244 2007 operis,

197 2043 407 2109 eaque
436 2021 879 2090 demonstratio
918 2022 993 2086 fit
1031 2041 1176 2107 pars
1217 2017 1870 2100 Animadverfionum,
1915 2042 2122 2109 neque
2163 2024 2248 2088 ab

64 2153 73 2200 ;
195 2123 269 2188 iis
294 2123 571 2212 disjungi
596 2124 781 2211 poffit
805 2122 961 2209 quin
988 2120 1119 2207 ipsa
1144 2119 1570 2208 disjunfflone
1597 2133 1846 2220 mentes
1887 2123 2242 2210 legentium

66 2221 75 2232 '
196 2222 645 2305 distrahantur-3
691 2236 932 2303 tamen,
970 2233 1114 2308 'quo
1153 2220 1387 2288 certius
1430 2221 1498 2288 in
1550 2223 1670 2288 hac
1715 2225 1976 2289 censura
2015 2239 2084 2291 et
2124 2248 2244 2290 nos

196 2325 669 2413 progrediamur
708 2338 779 2390 et
819 2324 927 2389 alii
970 2345 1089 2388 noa
1132 2324 1492 2409 sequantur,
1542 2323 2003 2409 praemittamus
2047 2346 2242 2411 argu·

197 2439 553 2498 mentorum
608 2425 963 2494 nostrorum
1016 2443 1166 2486 cum
1228 2420 1660 2490 universorum
1716 2421 2240 2503 distributionem,

194 2538 326 2590 tum
356 2548 608 2606 eorum,
637 2524 868 2615 quibus
894 2522 961 2604 in
1002 2521 1631 2594 Animadverfionum
1672 2522 1825 2592 serie
1857 2536 2071 2590 certus
2112 2546 2241 2596 non

194 2628 277 2693 est
292 2627 507 2711 locus,
534 2625 1047 2715 explicationem.
1378 2687 1431 2696 Ἠ,

770 2840 1119 2947 Distributio
1148 2858 1670 2947 Argumentomm.

232 3044 241 3055 '
271 3033 451 3113 Dixi,
492 3035 900 3120 Argumenta
938 3032 1161 3097 nostrae
1200 3029 1639 3116 disputationis
1661 3028 1804 3095 ‘eflb
1845 3029 2105 3109 interna,
2133 3029 2244 3094 nifi

190 3134 354 3200 forte
378 3157 517 3199 uno
555 3147 826 3221 excepto
858 3142 1130 3212 exter-'7103
1174 3132 1372 3218 igitur
1397 3130 1479 3195 de
1505 3129 1632 3195 hoc
1662 3130 1939 3216 primum
1965 3151 2246 3215 expone-

185 3258 355 3316 mus,
385 3236 622 3301 deinde
661 3239 896 3301 interna
914 3235 1391 3323 persequemur.
1479 3232 1727 3298 Inter-na
1755 3232 2007 3297 duobus
2034 3231 2245 3296 conti-

179 3352 426 3403 nentur
467 3336 831 3424 genetibm,
870 3337 1072 3427 altero
1096 3354 1318 3415 rerum,
1349 3332 1660 3400 verborum
1686 3332 1887 3397 altero
1909 3358 1927 3394 z
1972 3354 2242 3419 quorum

182 3458 537 3530 utrumque
576 3443 938 3530 complure:
978 3440 1177 3508 habet
1213 3444 1424 3528 'partes
1464 3460 1541 3503 ac
1584 3437 1843 3503 formas.
1928 3437 2045 3502 Res
2082 3461 2242 3504 con·-

177 3546 345 3610 stant
383 3545 646 3615 nata-ia
684 3558 757 3609 et
775 3542 1175 3630 foma.1n
1218 3538 1471 3603 matu-ia
1497 3536 1844 3609 videndum
1877 3538 2029 3625 quid
2059 3540 2244 3624 adsit,

176 3645 334 3733 qnid
368 3645 561 3729 defit.-
614 3644 681 3709 in
727 3642 998 3730 utroq‘ue
1046 3639 1399 3729 spestandoe
1444 3640 1591 3705 sunt
1628 3651 1874 3724 partes:
1936 3639 2023 3704 est
2072 3640 2245 3705 enim

176 3744 448 3810 naaria
472 3745 573 3809 vel
599 3746 665 3809 in
694 3744 866 3811 fusto
882 3743 1112 3832 polita,
1141 3739 1210 3807 id
1232 3741 1320 3805 est
1345 3734 1635 3825 historica,
1663 3738 1760 3804 vel
1786 3739 1852 3804 in
1883 3739 2148 3820 ratione,
2176 3739 2247 3805 id

92 3880 107 3905 ι
171 3850 263 3913 est
290 3845 660 3935 dogmaizcm
736 3846 965 3911 rm
989 3842 1625 3910 contineturduahus
1649 3836 1972 3929 partibus:
2019 3841 2244 3920 ordine,

173 3947 245 4013 id
271 3949 365 4012 est
390 3946 833 4013 distributione
864 3967 943 4011 ac
969 3944 1361 4031 dispositione
1402 3943 1723 4009 materiae:
1770 3943 2243 4029 arg-mentatio-

174 4074 277 4129 ne,
326 4048 399 4115 id
438 4050 528 4115 est
570 4070 743 4115 nexu
780 4059 849 4113 et
874 4045 1213 4113 efficientia
1236 4044 1735 4135 concluli‘onum.
1827 4044 2021 4111 Verba
2062 4066 2243 4109 com·

174 4148 560 4235 plea'untur
583 4168 782 4217 omne
808 4145 967 4215 illud
992 4144 1168 4233 quod
1194 4145 1383 4211 oratio
1423 4158 1493 4211 et
1510 4144 1696 4230 stilus
1722 4158 2003 4215 vocatur.
2071 4145 2246 4226 Ergo

176 4250 369 4317 ratio
394 4244 711 4329 cernitur,
735 4249 833 4313 vel
861 4248 927 4315 in
956 4247 1212 4334 fiu'gulis
1239 4247 1445 4316 verbis
1467 4246 1968 4335 diffionibusque
1990 4272 2007 4311 z
2033 4244 2245 4309 ‘vel‘in

55 4413 61 4424 ,
176 4371 403 4417 eanun
432 4348 914 4438 compofitione,
941 4347 1423 4415 continuatione
1450 4361 1518 4413 et
1545 4359 1685 4413 toto
1712 4347 1962 4415 habitut
2014 4345 2245 4411 Totam
2319 4405 2326 4411 .

258 4471 593 4537 yon.vn
1214 4470 1264 4519 n
