3067 5225
720 501 827 551 η’
986 521 995 530 ·
1115 485 1204 549 D.
1236 485 1352 548 W.
1390 480 1855 549 PRAEFATIO
1896 481 2392 550 ANIMADV..
2459 529 2468 542 .

708 667 1034 755 inclusus,
1090 668 1189 739 ita
1230 666 1503 764 suiipse
1551 668 1913 764 imperium
1960 668 2293 757 obtinuit,
2333 678 2417 740 ut
2445 667 2599 742 suas
2633 669 2770 759 fibi*

707 789 1066 863 facultates
1099 790 1361 887 semper
1391 790 1583 862 dieto
1613 790 2015 863 obedientes
2059 790 2369 879 haberet,
2405 792 2651 890 easque
2683 796 2756 865 in

703 915 894 986 reeta
939 924 1272 1011 perpetuo
1310 915 1429 1016 §via
1474 914 1890 985 contineret.
1986 912 2086 984 Et
2132 911 2332 985 Plato
2364 913 2549 988 illam
2583 941 2753 988 con-

702 1037 1023 1109 stantiam
1068 1036 1222 1107 solis
1267 1035 1586 1108 Deorum
1631 1036 1942 1108 curribus
1977 1034 2240 1107 tribuit.
2343 1036 2569 1110 Meus
2595 1039 2750 1135 qui-

698 1159 863 1231 dem
897 1181 1136 1232 currus
1168 1159 1265 1229 ita
1294 1169 1731 1254 comparatus
1763 1158 1882 1246 est,
1919 1168 2002 1229 ut
2032 1158 2274 1254 wriga
2302 1169 2376 1230 et
2406 1159 2645 1257 vigilet
2676 1173 2749 1233 et

686 1293 891 1380 ,regat
929 1280 1158 1378 quoad
1189 1282 1250 1375 ej
1261 1305 1338 1352 us
1383 1280 1531 1353 fieri
1563 1280 1808 1377 potest,
1839 1280 2044 1376 eique
2074 1279 2512 1378 obtemperet
2541 1281 2746 1356 fervi-

694 1403 828 1476 dus
878 1427 1143 1500 equus;
1196 1414 1271 1474 at
1320 1403 1515 1500 piger
1565 1427 1788 1498 equus
1835 1414 2179 1499 perpetuo
2218 1405 2537 1502 conjugis
2581 1407 2743 1502 equi

690 1525 1113 1598 alacritatem
1148 1526 1470 1612 retardet,
1517 1536 1592 1596 et
1635 1526 1728 1597 ab
1769 1526 2006 1621 auriga
2036 1525 2543 1622 necquicquam
2575 1552 2745 1600 voce

688 1647 1106 1744 stimulisque
1136 1650 1502 1720 excitetur.
1590 1645 1836 1743 Atque'
1859 1646 2251 1741 hujusmodi
2285 1647 2488 1745 plane
2518 1649 2739 1745 plero-

687 1792 1012 1868 rumque,
1060 1767 1471 1865 quibuscum
1522 1769 1711 1866 degi,
1760 1769 2129 1842 hominum
2192 1773 2557 1868 negotium
2616 1797 2738 1845 co·

682 1894 921 1989 gnovi.
1000 1891 1215 1963 Unus
1247 1889 1521 1964 fortasse
1550 1901 1625 1963 et
1657 1890 1835 1963 alter
1862 1915 1949 1962 ex
1980 1916 2139 1964 raro
2166 1893 2531 1966 videbatur
2563 1894 2737 1968 mihi

680 2016 823 2087 effe
848 2037 1104 2114 genere
1134 2037 1402 2101 eorum,
1437 2014 1562 2110 qui
1608 2011 1708 2084 sui
1756 2012 1876 2108 ipfi
1908 2013 2732 2109 imperiumobtinerent.

678 2136 1021 2208 Videbam
1054 2159 1174 2207 eos
1206 2133 1519 2230 quotidie
1541 2132 1692 2206 suas
1726 2157 1835 2206 res
1863 2157 2093 2231 agere,
2130 2158 2276 2206 non
2309 2135 2528 2214 modo,
2554 2161 2729 2235 neg-

677 2259 843 2348 otia,
906 2257 1021 2329 sed
1083 2268 1158 2328 et
1214 2256 1357 2329 otia
1413 2268 1487 2328 et
1551 2255 1906 2330 literarum
1971 2255 2216 2344 studia,
2278 2258 2483 2329 certis
2539 2258 2732 2332 horis

675 2379 1031 2453 distributa
1087 2379 1558 2476 destinataque
1606 2377 1903 2464 habere:
1966 2403 2197 2475 neque
2248 2404 2292 2450 a
2338 2378 2728 2478 praescripta

672 2501 788 2576 illa
816 2502 1311 2601 defignataque
1337 2503 1444 2574 via
1474 2499 1814 2574 recedere.
1914 2499 2180 2574 Felices
2228 2525 2350 2574 eos
2394 2502 2725 2599 praedica-

669 2627 877 2699 barn:
937 2627 1339 2722 quaerebam
1387 2650 1473 2698 ex
1529 2626 1636 2714 iis,
1690 2596 2046 2721 quomodo
2089 2625 2273 2697 hanc
2321 2623 2721 2701 felicitatem

670 2748 1020 2829 consecuti
1065 2748 1326 2831 effenu
1378 2747 1431 2820 fi
1474 2748 1655 2823 forte
1699 2772 1853 2821 eam
1902 2747 2038 2845 ipse
2069 2773 2356 2846 quoque
2393 2749 2720 2847 consequi

666 2871 957 2968 possem..
1065 2870 1462 2960 Voluntate,
1497 2870 1795 2959 aiebant,
1829 2887 1897 2942 et
1934 2871 2425 2967 consuetudine.
2493 2872 2717 2963 Itane,

664 2994 974 3091 inquom,
1028 2993 1387 3066 voluntate
1429 3005 1504 3066 et
1547 2993 2096 3066 consuetudine?
2141 2992 2360 3091 Atqui
2400 2994 2718 3068 voluntas

664 3117 839 3189 mihi
874 3140 1269 3214 numquam
1298 3115 1546 3214 defuit,
1579 3114 2154 3189 consuetudinem
2187 3116 2516 3213 consequi
2567 3142 2713 3191 non

660 3241 906 3336 potui:
953 3240 1135 3328 haec,
1183 3225 1855 3337 quaes0,⁷quomodo
1896 3239 2390 3337 comparatur?
2451 3240 2711 3313 Volun-

660 3378 826 3450 taee,
861 3363 1182 3435 aiebant:
1232 3372 1443 3460 atque
1476 3361 1662 3433 idem
1698 3360 1956 3433 iterum
1988 3363 2389 3458 iterumque
2415 3363 2710 3435 interro-

653 3485 877 3581 ganti,
926 3484 1113 3557 idem
1160 3484 1704 3581 respondebant:
1755 3483 2207 3556 vehementer
2243 3509 2536 3581 quoque
2575 3487 2709 3557 mi-

654 3607 1006 3694 rabantur,
1042 3630 1179 3693 me,
1215 3631 1432 3702 quem
1480 3608 1555 3677 in
1607 3607 1855 3678 Litex-is
1901 3605 2160 3701 aliquid
2203 3606 2557 3702 profeciffe
2599 3608 2707 3680 di-

652 3730 932 3816 cebant,
984 3752 1130 3800 non
1180 3727 1480 3824 ipsorum
1528 3729 1800 3801 ratione
1830 3727 2182 3824 modoque
2215 3729 2461 3801 vivere.
2557 3729 2707 3803 Nae

650 3875 800 3939 voe,
854 3852 1165 3946 inquam,
1219 3850 1487 3921 mirifici
1531 3850 1690 3921 estis
1735 3850 2080 3937 homines»,
2128 3862 2253 3923 aut
2285 3853 2515 3947 potius
2546 3851 2704 3949 plus

649 3998 863 4070 quam
898 3972 1241 4059 homineS,
1276 3970 1520 4045 heroes
1552 3996 1634 4043 ac
1668 3971 1967 4061 semidei,
2005 3972 2122 4068 qui
2162 3983 2305 4045 tam
2341 3972 2700 4046 efficacem

646 4095 958 4167 habeatis
1015 4092 1489 4167 voluntatem:
1541 4118 1678 4192 ego
1734 4094 1887 4168 sum
1940 4119 2125 4168 unus
2162 4119 2204 4167 e
2251 4094 2522 4183 multiS,
2572 4119 2698 4168 vo-

644 4218 875 4290 luntas
905 4217 1115 4305 adest,
1150 4219 1323 4289 vires
1356 4215 1636 4305 desunt,
1678 4216 1857 4314 saepe
1895 4218 1967 4289 in
1999 4218 2109 4289 via
2137 4216 2408 4306 defici0,
2445 4216 2626 4314 saepe
2655 4243 2701 4291 a

641 4342 754 4413 via
784 4340 857 4413 in
888 4339 1373 4415 diverticulum
1410 4337 1721 4414 deferorx
1771 4363 1926 4428 VOS,
1957 4352 2042 4414 ut
2084 4338 2377 4413 caelestia
2407 4363 2699 4437 corpora
