3067 5225
28 3303 31 3370 t

28 3487 31 3606 ἲ

669 448 781 513 m:
817 441 1287 542 AnnmNnrs,
1310 452 1605 515 ponus.
1633 470 1699 535 p.
1732 459 1826 513 ιι.
1852 451 1932 512 ι).
2215 450 2338 551 res·

232 612 503 695 dicem,
534 611 711 680 aliud
736 614 972 682 animal
1004 615 1177 682 aliud
1208 615 1514 704 pabulum
1542 614 1959 696 consectatur,
1987 612 2080 679 ita
2102 609 2169 677 in
2199 611 2323 677 Po-

120 744 127 751 ·
229 714 377 781 etis
408 713 574 780 alius
601 716 871 798 fabulas,
902 718 1063 783 alius
1090 717 1397 798 historias,
1436 718 1599 783 alius
1625 719 1814 783 verba
1835 714 2159 802 decerpit.
2206 736 2327 779 nos
2399 775 2408 785 .

232 816 462 883 animi
494 840 888 915 morumque
918 818 1260 886 fructum'
1242 843 1311 884 ιιι
1350 818 1573 907 primis
1596 839 1977 907 quaeramus,
2007 831 2075 883 et
2105 827 2321 884 atten-

227 916 489 985 damus
543 918 628 985 ad
682 904 976 1009 exempla
1021 921 1329 989 virtutum
1383 920 1802 1001 fortitudinis,
1856 919 2321 1007 temperantiae,
2401 929 2417 971 ἴ

216 1017 530 1108 justitiae.
605 1022 854 1111 Ulyffes
880 1022 1264 1089 Diomedem
1296 1023 1591 1090 hortatur
1616 1022 1698 1088 ad
1727 1019 2172 1110 pugnandum,
2202 1020 2320 1086 ad·

229 1122 419 1191 dens
443 1125 590 1203 -8ἡ
634 1129 751 1212 γὰρ
794 1123 1034 1212 ἔλεγχος
1068 1110 1370 1208 Ἔσσετοη,
1420 1125 1474 1189 εἴ
1520 1151 1612 1189 κεν
1657 1129 1783 1201 νῆόις
1826 1122 1922 1209 ἕλῃ
1968 1119 2322 1208 κορυθαίολος

190 1221 509 1313 'Ex-mg:
558 1224 756 1292 habet
782 1226 1299 1314 fignificationem
1324 1225 1508 1294 fortis
1533 1225 1672 1306 viri,
1702 1223 1813 1312 qui
1838 1224 1905 1289 in
1933 1222 2067 1310 ipso
2094 1221 2330 1297 mortis,

230 1324 566 1414 periculo,
595 1326 804 1415 magis
831 1327 1133 1409 dedecus,
1163 1349 1356 1416 quam
1382 1339 1685 1407 mortem,
1712 1326 1958 1392 timeat.
2029 1323 2319 1390 Achilles

231 1427 476 1494 durius
529 1427 877 1516 alloquitur
928 1431 1270 1497 Priamum.
1369 1432 1465 1496 At
1510 1442 1771 1499 noverat
1813 1428 1875 1493 se
1917 1427 2047 1514 ipse
2089 1439 2319 1501 natura

229 1529 673 1598 iracundum.
738 1547 806 1599 et
854 1533 1200 1621 prudenter
1249 1533 1409 1600 iram
1455 1546 1673 1598 cavet·
1735 1528 2037 1600 Hectoris
2080 1550 2316 1614 corpus

234 1632 462 1699 lotum
492 1646 561 1700 et
588 1634 869 1701 velatum
895 1635 1109 1709 currui
1134 1633 1451 1722 imponit3
1498 1656 1581 1699 ne
1616 1633 1900 1701 lacerum
1924 1629 2143 1701 videns
2174 1629 2310 1696 Pri-

232 1758 430 1803 amus
458 1758 735 1805 moerore
758 1736 961 1804 victus
986 1738 1286 1803 acerbum
1315 1734 1605 1813 dictum
1590 1758 1656 1811 ιιι
1683 1734 1746 1809 se
1787 1732 2155 1821 conjiceret,
2181 1753 2318 1819 quo

229 1833 316 1900 ad
363 1835 536 1901 iram
576 1835 891 1918 incensus,
923 1836 1054 1903 seni
1086 1858 1314 1903 manus
1349 1834 1636 1901 inferret,
1679 1831 1951 1920 Ulyfl'es
1994 1831 2150 1896 item
2193 1852 2309 1896 co-

230 1937 561 2023 gnoscens
599 1938 1061 2005 Telemachum
1097 1938 1540 2004 vehementem
1578 1948 1649 2002 et
1688 1932 2004 2022 injustitiae
2038 1933 2310 2013 osorem,

231 2058 392 2103 cum
420 2038 510 2104 ad
546 2040 959 2105 constantiam
996 2038 1233 2119 munit,
1273 2061 1354 2104 ne
1382 2037 1445 2104 se
1483 2036 1577 2103 ira
1616 2035 1848 2103 auferri
1886 2035 2063 2117 finat,
2104 2056 2310 2122 quum

230 2153 496 2224 patrem
537 2162 578 2206 a
622 2142 833 2228 procis
872 2142 1194 2229 jactatum
1237 2154 1689 2228 raptatumque
1727 2137 1992 2204 videret.
2061 2135 2310 2203 Eadem

230 2240 592 2307 observatio
621 2241 982 2311 adhibenda
1006 2244 1093 2308 est
1119 2241 1376 2331 fingulis
1403 2240 1790 2307 diffionibus
1817 2265 1834 2305 ι
1882 2261 2014 2306 ιιοιι
2041 2252 2121 2305 ut
2150 2238 2307 2304 Cle-

228 2341 459 2407 anthis
499 2341 966 2408 cavillationem
1010 2342 1367 2431 sequamur,
1421 2346 1531 2405 Ζεῦ
1574 2338 1702 2419 ἄνα,
1739 2341 2047 2418 Δωδωναῖε,
2092 2338 2311 2425 legere
2453 2420 2458 2425 ρ

217 2438 524 2527 ,iubentis
575 2467 711 2513 uno
758 2448 950 2512 verbo
1003 2448 1346 2511 ἀναδωδωναῒ
1342 2472 1391 2526 .·.,
1448 2443 1643 2509 omnia
1683 2443 1926 2529 smfim
1973 2441 2304 2531 proferens,

225 2556 588 2630 procreans.-
646 2569 764 2614 nec
815 2546 1155 2637 Chryfippi
1184 2544 1620 2643 jejunitatem,
1664 2542 2139 2632 interpretantis
2184 2544 2305 2610 Jo-

229 2666 379 2712 vem
409 2648 668 2736 οὖςόοσα,
693 2648 1018 2715 validum
996 2674 1061 2714 m
1087 2649 1431 2737 dſjbrendo,
1460 2658 1519 2712 et
1535 2645 1849 2735 facultate
1878 2644 2156 2711 orationis
2183 2644 2308 2712 late

230 2747 721 2837 digredientem..
777 2753 942 2817 Haec
986 2750 1476 2819 Grammaticis.
1522 2771 1642 2815 nos
1668 2771 1747 2815 ea
1772 2750 2129 2836 sequamur,
2156 2772 2306 2838 quae

228 2850 753 2936 probabilitatem
793 2874 946 2917 cum
995 2853 1211 2918 frutstu
1257 2874 1512 2917 morum
1556 2850 1970 2940 conjuan
2016 2850 2297 2918 habent·
2279 2900 2318 2920 ..

228 2951 440 3016 veluti
464 2951 611 3015 0686
633 2978 707 3033 με
732 2952 907 3032 θυμὸς
931 2949 1165 3035 ἄνωγεν,
1192 2952 1299 3017 ἰπὶ
1325 2952 1507 3036 μάθον
1534 2952 1759 3036 ἔμμενοᾳ
1785 2954 1986 3031 ἐθλός,
2007 2965 2075 3016 et
2098 2950 2306 3017 multa

229 3049 489 3128 fimilia,
514 3071 661 3137 quae
687 3048 1011 3137 pertinent
1041 3050 1125 3115 ad
1157 3050 1412 3117 laudem
1439 3052 1772 3132 virtutum,
1802 3052 1866 3115 in
1896 3050 2118 3138 primis
2143 3070 2314 3143 prn-⁸

226 3148 503 3231 dentiae,
545 3164 615 3216 et
650 3149 988 3217 ostendunt
1028 3151 1326 3221 virtutem
1368 3152 1435 3218 in
1477 3154 1685 3219 nostra
1722 3152 1844 3220 effe
1883 3153 2189 3240 potestate
2221 3174 2303 3219 ac

228 3250 541 3319 discendo
568 3253 944 3340 comparari.

317 3355 485 3420 XII.
546 3356 762 3435 Porro,
798 3368 874 3421 ut
914 3354 1052 3443 apis
1094 3376 1174 3420 ex
1214 3352 1602 3419 amariffimis
1635 3353 1897 3420 floribus
1924 3366 1992 3419 et
2032 3355 2298 3442 asperri-

234 3455 361 3523 mis
392 3454 584 3544 spinis
608 3454 991 3522 leniflimum
1015 3470 1086 3522 et
1109 3454 1503 3521 utiliffimum
1530 3454 1662 3519 mel
1688 3453 1880 3534 facit3
1925 3454 2015 3520 ita
2044 3453 2302 3543 juvenis

240 3554 441 3622 discat
492 3579 571 3623 ex
617 3556 894 3645 peffimis
932 3558 1133 3647 =etiam
1188 3555 1348 3623 locis
1398 3555 1639 3643 aliquid
1674 3553 1971 3621 utilitatis
2022 3556 2299 3625 trahere.

238 3655 626 3747 Hujusmodi
667 3658 755 3723 est
779 3657 938 3725 illud
964 3658 1498 3748 Agamemnonis,
1525 3657 1639 3745 qui
1667 3656 1939 3723 avaritie
1976 3659 2298 3747 suspectus

234 3758 344 3839 est,
373 3758 549 3847 quod
575 3759 658 3823 ab
688 3757 953 3826 homine
987 3760 1286 3826 ditissimo
1328 3758 1889 3845 praestantiffimam
1916 3782 2144 3848 equam
2173 3762 2294 3829 do·-

236 3878 322 3922 no
358 3858 643 3947 accepit,⁸
671 3880 951 3946 eumque
988 3882 1029 3927 a
1069 3859 1314 3927 militia
1358 3860 1730 3926 neceffitate-
1758 3858 2065 3928 liberavit.
2138 3862 2294 3928 Ari-

236 3957 484 4026 stoteles
526 3958 595 4024 id
639 3959 981 4025 commode
1022 3960 1107 4026 ad
1142 3960 1399 4027 laudem
1431 3961 1941 4049 Agamemnonis
1968 3965 2293 4044 transfert,

236 4059 344 4143 qui
385 4060 732 4148 prudenter
771 4059 994 4127 fecerit
1036 4060 1465 4149 praeponenda
1502 4063 1811 4150 generosa
1852 4085 2018 4152 equa
2063 4064 2293 4150 ignavo

233 4159 389 4227 viro
452 4162 675 4229 Thetis
718 4163 1080 4230 consolatur
1120 4163 1321 4229 filium
1363 4163 1715 4245 Achillem,
1758 4164 2109 4231 admonens
2140 4183 2294 4227 eum

237 4278 305 4324 re
328 4285 594 4330 venerea
620 4263 766 4330 frui.
808 4264 1109 4352 Turpiter
1135 4264 1218 4329 ad
1248 4264 1561 4352 speciem·
1609 4278 1677 4331 at
1704 4262 2119 4353 turpitudinis
2147 4261 2288 4348 spe-

236 4356 361 4427 cies
386 4364 694 4434 obruatur
716 4365 1096 4452 apponenda
1119 4363 1394 4432 Achillis
1420 4363 1840 4445 continentia,
1868 4361 1978 4449 qui
2006 4360 2294 4448 quamvis

1208 4483 1335 4551 ¹¹3
