3067 5225
549 464 657 538 nn
680 474 942 537 anem
968 474 1374 537 AumENm
1402 466 1782 539 RATIONE.
1805 478 2160 557 pamm.
2255 478 2370 541 361

320 650 519 724 '230.·
570 626 766 725 Quod
808 638 848 701 fi
894 638 1075 703 fumo
1117 652 1231 703 aut
1272 662 1403 705 non
1453 638 1561 705 nifi
1607 640 1737 706 fuci
1785 628 2211 727 abigerentur,
2265 652 2380 705 aut

326 739 600 805 'alvearia
649 738 930 805 sordibus
977 753 1417 831 purgarentur,
1474 742 1783 807 constaret
1835 742 1943 806 sua
1991 739 2380 806 similitudini

334 839 523 906 ratiot
594 843 791 906 Nunc
834 840 1211 907 subdufifflm
1250 842 1474 928 apibus
1516 842 1666 920 mel,
1720 864 1868 907 cum
1910 843 2138 907 animae
2183 841 2379 907 sordi-

330 942 456 1008 bus
484 950 555 1005 et
580 941 850 1028 caligine
876 955 1338 1028 comparatum,
1370 941 1580 1007 nescio
1608 942 1932 1028 quomodo
1961 943 2175 1028 friget.
2252 945 2379 1006 Fu-

320 1065 481 1109 ·mus
520 1043 780 1130 quidem
827 1045 995 1108 reete
1039 1044 1222 1131 δςιμὸς
1267 1042 1535 1110 dicitur:
1582 1058 1660 1109 ut
1705 1045 1982 1131 Virgilio
2026 1047 2182 1109 AEn.
2223 1045 2381 1108 XII.

329 1157 415 1230 59
419 1163 459 1230 3
489 1170 505 1207 z
552 1142 819 1229 Inclusas
852 1155 924 1206 nt
962 1167 1090 1207 cum
1133 1143 1411 1231 latebroso
1452 1146 1517 1208 in
1557 1144 1787 1233 pumice
1820 1143 2017 1233 pqstor
2058 1143 2385 1231 Vestigavit

333 1260 499 1334 apes,
522 1245 812 1332 fimoque
838 1244 1106 1332 implevit
1134 1264 1361 1313 amaro.

417 1364 527 1425 42.
558 1344 637 1409 C.
681 1345 1097 1429 ἀναπνεύσαντι]
1149 1345 1486 1433 Respiranti
1524 1344 1829 1410 nimirum
1859 1344 1949 1409 'ab
1983 1341 2178 1408 animi
2204 1364 2381 1407 erro·

332 1445 513 1512 ribus
539 1466 614 1509 ao
647 1445 1249 1530 perturbationibus,
1275 1445 1506 1531 quibus
1530 1468 1680 1510 eum
1706 1446 1974 1511 liberant
1995 1449 2073 1506 τὰ
2098 1442 2385 1526 δόγματα,

337 1546 758 1634 philosopbiae
785 1560 1104 1633 praecepta
1129 1569 1205 1611 ac
1232 1546 1505 1613 decreta.
1592 1546 1844 1634 Nequis
1881 1546 2043 1610 forte
2069 1543 2386 1629 intelligat

244 1724 251 1731 ο
330 1645 732 1711 &vandum
756 1654 867 1709 τῶν
895 1645 1207 1728 δογμάτων,
1236 1646 1550 1734 respiranti
1577 1671 1616 1708 a
1641 1644 2027 1734 percipiendis
2055 1642 2385 1730 praee-pti&

341 1745 446 1809 Ita
471 1749 715 1808 ἂναπᾶν
743 1742 1104 1829 simpliciter
1129 1745 1215 1808 est
1250 1745 1523 1824 recreari,
1554 1746 1659 1809 De
1686 1743 2007 1829 Superstit.
2038 1763 2101 1827 p.
2131 1742 2273 1826 165.
2304 1742 2382 1805 E.

337 1845 554 1911 Mario
578 1867 643 1933 p.
665 1846 813 1926 428.
846 1848 916 1912 F.

422 1966 531 2029 42.
564 1948 651 2010 D.
702 1950 765 2010 τὸ
811 1945 1018 2030 ἆγῖεῖον
1063 1950 1125 2009 ἐκ
1166 1952 1259 2023 τ-’ἥς
1298 1945 1539 2023 ἈτἹικῆς
1587 1945 1873 2030 κωλιάδος]
1939 1948 2189 2022 Κωλιάς,
2233 1965 2384 2029 pro-

320 2044 738 2110 ·montorium
788 2043 1054 2123 Phaleri,
1097 2067 1225 2109 non
1270 2045 1633 2130 infrequens
1683 2043 1748 2107 in
1793 2044 2105 2107 Veterum
2153 2063 2387 2107 monu-

324 2144 617 2211 mentis:
680 2145 1011 2211 Herodoto
1038 2147 1225 2210 VIII.
1255 2164 1361 2232 97.
1425 2144 1841 2231 Aristophane
1870 2144 2046 2207 Nub.
2074 2157 2183 2226 52.
2252 2145 2354 2229 Ly

320 2247 488 2311 ·fistr.
521 2264 581 2313 2.
623 2245 836 2331 ibique
865 2245 1257 2311 ScholiasteS.
1327 2243 1756 2309 Demosthene
1782 2241 1947 2306 Adv.
1977 2244 2273 2307 Neaemm
2317 2263 2385 2329 p.

333 2366 488 2433 522.
532 2348 619 2412 A.
693 2348 999 2412 Strabone
1044 2349 1162 2411 IX.
1216 2368 1282 2432 p.
1313 2348 1459 2411 611.
1496 2348 1585 2410 A.
1666 2344 1964 2410 Pausania
2009 2346 2063 2408 1.
2115 2363 2172 2407 1.
2225 2365 2291 2430 p.
2319 2358 2386 2427 5.

340 2447 850 2534 Harpocratione
892 2469 1030 2513 voc.
1076 2447 1401 2535 Stephano
1441 2448 1603 2533 Byz.
1641 2468 1820 2524 voce,
1863 2444 2121 2531 aliisque
2162 2443 2249 2510 ibi
2291 2444 2387 2508 ci-

339 2546 496 2612 tatis
532 2548 608 2611 L.
642 2546 968 2612 Holstenio
1000 2545 1230 2635 Castig.
1263 2567 1327 2633 p.
1358 2546 1500 2614 182.
1574 2548 1666 2611 At
1691 2544 1772 2610 de
1797 2545 2038 2633 vasibus
2070 2545 2391 2634 poculisque

314 2647 616 2736 figulinis
653 2670 733 2713 ex
759 2661 926 2712 terra
968 2646 1232 2713 Coliade
1274 2648 1457 2713 saetis
1488 2647 1663 2713 haud
1694 2647 1819 2712 scio
1844 2669 1925 2712 an
1956 2669 2146 2712 nemo
2171 2646 2390 2734 prodi-

342 2745 513 2811 derit
540 2760 770 2833 praeter
796 2746 1267 2812 Eratosthenem
1311 2746 1377 2810 in
1421 2746 1696 2832 Epistola
1719 2745 1800 2810 ad
1846 2748 2234 2832 Hagetorem
2265 2748 2389 2812 La·-

339 2847 815 2928 eedemonium,
860 2846 1091 2934 partim
1135 2848 1369 2913 servata
1407 2847 1728 2913 Athenaeo
1757 2848 1878 2912 XI.
1923 2870 1988 2934 p.
2016 2849 2165 2932 483.
2196 2848 2283 2911 A.
2313 2849 2390 2913 Β.

343 2970 423 3014 ac
452 2949 697 3013 brevius
720 2949 912 3013 etiam
944 2948 1278 3014 Macrobio
1305 2950 1438 3013 Sat.
1468 2951 1553 3013 V.
1585 2968 1699 3017 212
1747 2954 2014 3035 Κρατῆρα
2039 2952 2155 3035 γὰρ
2190 2949 2395 3022 kae-ow
2433 3015 2442 3024 ,

343 3054 461 3125 τοῖς
484 3053 624 3124 θεοῖς
652 3054 745 3113 οὒκ
772 3053 1099 3137 ἁργυςοῢνυ
1067 3051 1156 3112 ’δὲ
1181 3047 1599 3128 λιθοκόλλητον,
1633 3054 1792 3112 ἀλλὰ
1817 3054 1912 3125 τῆς
1939 3049 2222 3122 Κωλιάδος
2245 3053 2348 3132 γῆς
2371 3071 2393 3113 x

340 3166 413 3217 et
439 3150 702 3216 Suidatn
730 3171 883 3215 voee
910 3150 1284 3225 Κωλιαδοςε
1223 3176 1257 3214 κ
1259 3155 1505 3237 ‘pap-55⁸5.
1577 3150 1962 3216 Conferatur
1995 3152 2058 3218 J.
2084 3151 2395 3218 Meurfiuu

342 3252 417 3316 in
447 3251 668 3331 Piraeo,
698 3251 820 3315 fine
846 3271 914 3337 p.
940 3265 1047 3335 51.

434 3371 545 3435 42.
573 3355 661 3418 D.
707 3355 748 3416 ci
775 3356 851 3433 μὴ
886 3350 1169 3438 προὸάτων
1193 3349 1521 3416 ἈτΊικίὃν”
1474 3379 1549 3430 ειη
1573 3353 1637 3415 τὸ
1665 3350 1824 3439 ἷςιον]
1876 3352 2158 3417 Atticam
2186 3351 2397 3424 lanam

342 3453 600 3543 posuits
628 3475 758 3519 non
800 3454 977 3541 quod
1018 3453 1309 3517 omnium
1344 3452 1756 3518 laudatiflima
1790 3452 1963 3533 effet,
1996 3453 2099 3519 sed
2140 3469 2400 3540 propter

348 3553 801 3640 cognationem
833 3551 1132 3617 orationis
1156 3552 1436 3618 Atticae·
1416 3577 1438 3635 3
1483 3566 1558 3618 ut
1594 3552 1788 3617 modo
1813 3566 2075 3639 propter
2108 3553 2401 3622 eamdem

349 3654 666 3720 rationem
710 3653 1043 3719 Coliadem
1088 3653 1379 3718 Atticam
1432 3652 1660 3740 posuit,
1709 3676 1838 3719 non
1890 3668 1968 3718 ut
2022 3654 2086 3718 in
2133 3654 2401 3742 figulino

348 3756 569 3823 vasum
594 3776 830 3842 genere
858 3754 1367 3841 pretiofiffimam.
1414 3757 1653 3819 Lanam
1677 3755 1962 3820 Atticam
1993 3770 2204 3821 tamen
2234 3777 2400 3843 prae-

349 3859 546 3944 cipua
594 3857 784 3923 laude
829 3857 1039 3922 censet
1078 3859 1286 3922 Varro
1328 3859 1434 3924 De
1482 3859 1574 3922 Re
1614 3857 1784 3921 Rust.
1816 3858 1905 3920 11.
1938 3875 1998 3923 2.
2034 3858 2131 3923 18.
2175 3857 2289 3924 ubi
2333 3860 2402 3923 P.

328 3957 673 4023 ·Vi&oriua
709 3971 777 4022 et
807 3956 979 4021 hunc
1014 3956 1333 4022 Plutarchi
1358 3957 1577 4022 locum
1604 3956 1844 4036 laudat,
1885 3970 1952 4021 et
1974 3957 2246 4022 alterum
2277 3960 2404 4023 La-

346 4057 532 4135 berii,
580 4058 692 4144 qui
739 4059 824 4122 est
867 4056 1040 4143 apud
1086 4057 1378 4122 Nonium
1430 4056 1814 4122 Marcellum
1861 4080 2012 4122 voce
2061 4057 2423 4137 Lanicium,·

347 4157 510 4225 edit.
542 4160 817 4222 Mercer.
862 4180 928 4243 p.
958 4176 1104 4224 212.
1176 4158 1470 4245 Synefius
1512 4157 1705 4243 Epist.
1734 4159 1880 4223 LII.
1926 4163 2095 4233 ςολὰς
2119 4145 2405 4245 ’Anaxag-

348 4263 470 4345 γᾶς
514 4271 590 4322 ut
632 4258 738 4322 fibi
790 4271 965 4321 emat
1017 4269 1206 4344 rogat
1259 4258 1578 4322 amicum:
1653 4257 1939 4342 operisne
1991 4280 2072 4323 an
2127 4258 2407 4322 materiai

348 4352 562 4422 caufla
588 4376 807 4421 earum
836 4354 1108 4442 cupidus
1131 4354 1225 4437 fit,
1253 4377 1383 4421 non
1406 4353 1717 4421 declarat:
1759 4354 2006 4422 fortaffe
2032 4353 2378 4448 utriusque.
