3067 5225
684 502 795 564 DE
834 503 1285 565 AUDIENDIS
1324 504 1620 565 POETIS.
1662 524 1719 582 p.
1743 516 1842 565 22.
1865 506 1938 565 E.
2222 515 2338 568 233

270 664 647 755 ‚philosophus
674 690 792 731 non
812 668 997 755 suam
1029 668 1145 757 iffi
1173 667 1490 733 orationem
1518 666 1798 735 excolat?
1848 668 1953 733 De
1980 665 2343 734 nominibus

281 765 443 845 ὅλος,
471 782 537 832 et
562 765 698 848 ἄλη,
741 767 1025 854 ejusdem
1057 783 1126 843 et
1160 769 1424 857 originis
1453 783 1521 833 et
1547 767 1893 854 potestatiS,
1924 768 2061 833 aliis
2094 768 2340 834 Plutar-

283 871 392 935 chi
420 871 581 936 locis
610 871 920 936 dicemus.

369 984 475 1038 22.
507 975 585 1036 E.
628 973 699 1046 ὥς
728 970 1042 1058 Εὐριπίδης,
1072 976 1252 1048 Κῆτος
1278 971 1500 1056 θοάζον]
1556 970 1792 1065 Incerti
1827 970 2131 1040 dramatis
2158 971 2346 1036 verba

266 1092 361 1136 ‚ex
382 1071 511 1136 hoc
532 1072 678 1137 loco
705 1072 770 1135 in
796 1074 1184 1158 Fragmenta
1207 1071 1427 1137 retulit
1447 1071 1849 1158 Musgravius
1869 1073 2073 1136 Num.
2097 1071 2340 1156 cxlv.

284 1169 557 1237 Videtur
582 1170 648 1235 in
675 1169 1156 1235 Andromedam
1184 1171 1540 1237 convenire.

276 1314 289 1321 -
370 1289 476 1337 22.
500 1273 576 1336 E.
619 1270 915 1349 θαάσσειν,
943 1273 1012 1345 ὥς
1038 1270 1435 1356 Σοφοκλῆς-ἣ
1488 1270 1720 1356 OEtlipi
1747 1273 1898 1358 Tyr.
1930 1271 2137 1351 initio,
2166 1274 2346 1339 versu

286 1389 351 1437 2.
424 1372 645 1435 Unum
688 1370 988 1457 idemque
1030 1373 1289 1436 verbum
1326 1372 1537 1444 θοάζειν
1563 1371 1736 1436 duas
1764 1374 1990 1459 easque
2017 1395 2055 1436 e
2085 1373 2344 1459 regione

286 1471 555 1539 invicem
599 1474 916 1561 oppofitas
950 1473 1432 1561 significationes
1460 1474 1717 1555 habere,
1755 1475 1989 1540 mirum
2024 1477 2130 1539 cui
2170 1476 2341 1541 acci·

284 1573 420 1637 dat.
490 1576 663 1639 Nam
696 1575 763 1640 in
805 1575 884 1639 iis
921 1576 1204 1661 quidem,
1238 1599 1381 1664 quae
1409 1575 1722 1664 disjunebe
1753 1578 2039 1664 opposita
2063 1580 2233 1658 sunt,
2277 1579 2345 1645 id

281 1676 392 1756 est,
443 1676 509 1742 in
561 1676 809 1743 duabus
863 1678 1087 1755 formis
1142 1676 1425 1764 ejusdem
1473 1679 1728 1765 generis
1739 1726 1762 1759 ‚
1819 1680 1983 1744 ratio
2038 1697 2301 1768 apparet
2320 1707 2340 1747 ε

282 1778 505 1857 veluti,
536 1778 812 1868 ἄνθρωπος
845 1792 914 1845 et
939 1772 1140 1843 v'irum
1167 1794 1235 1844 et
1262 1780 1563 1845 mulierem
1591 1794 1798 1860 notat,
1837 1783 1987 1868 quia
2028 1782 2174 1847 sunt
2205 1784 2341 1849 for-

286 1901 415 1943 mae
458 1878 738 1965 ejusdem
779 1880 1054 1968 generis·
1130 1880 1226 1945 At
1265 1879 1332 1945 in
1362 1880 1612 1946 duabus
1639 1881 1760 1947 illis
1787 1881 2345 1969 fignificationibus

285 1980 460 2045 verbi
504 1980 733 2062 θοάζων,
754 1982 1010 2067 sedendi
1052 1994 1119 2045 et
1157 1982 1448 2063 irruendi,
1498 1982 1700 2047 altera
1741 1984 1827 2047 est
1868 1984 2099 2071 quietis,
2148 1985 2352 2051 altera.

284 2096 505 2164 notun
553 2105 696 2171 quae
738 2084 830 2148 ita
868 2085 1014 2148 sunt
1056 2084 1383 2169 oppositae‚
1426 2097 1503 2148 ut
1544 2084 1658 2149 sub
1699 2085 1929 2149 eodem
1968 2107 2205 2172 genere
2241 2086 2345 2152 in·-

285 2184 493 2272 tenigi
536 2198 881 2272 nequeant,
926 2184 1038 2248 nisi
1083 2185 1123 2247 fi
1169 2185 1293 2250 ho'c
1335 2206 1546 2271 genus
1587 2185 1660 2249 fit
1704 2191 1735 2263 ἦ
1777 2186 2042 2265 διάθεσις,
2086 2188 2345 2273 ᾳῇεέῖἱο,

281 2298 400 2353 aut
445 2286 661 2350 fimile.
756 2289 903 2353 Jam
957 2285 1178 2373 negari
1232 2286 1455 2373 nequit
1508 2284 1576 2350 in
1631 2287 2046 2375 Etymologia
2098 2291 2346 2355 Graecae

283 2386 524 2473 linguae
550 2408 855 2474 apparere
881 2386 1137 2474 vestigia
1171 2385 1522 2474 diligentiae
1559 2385 1819 2473 infignis
1855 2387 1922 2451 in
1951 2387 2348 2459 distinetione

286 2491 623 2556 notionum
669 2490 1354 2577 accommodandi'sque
1403 2489 1635 2554 harum
1678 2490 1963 2556 varietati
1999 2492 2346 2559 vocabulis.

274 2590 414 2658 Sed
451 2591 617 2672 haec,
656 2591 873 2681 quoad
913 2602 1247 2680 apparent,
1284 2590 1741 2673 consefi'andfq
1788 2614 1941 2673 non,
1979 2590 2093 2658 ubi
2125 2591 2346 2659 defici-

284 2707 429 2773 unt,
460 2693 784 2781 fingenda,
830 2715 950 2759 nec
991 2691 1072 2757 ad
1108 2693 1449 2758 abstrusam
1484 2692 1995 2780 Metaphyficam
2030 2693 2345 2759 subtilita-

285 2808 421 2860 tem
446 2795 795 2883 redigenda
831 2795 997 2860 sunt.
1070 2793 1368 2859 Vidimus
1408 2795 1592 2859 ἀλύειν
1619 2809 1841 2860 notare
1880 2807 1950 2859 et
1987 2797 2253 2883 gaudere
2275 2811 2349 2863 et

284 2895 515 2960 dolere.-
571 2898 718 2961 sunt
757 2895 932 2963 enim
976 2895 1198 2960 formae
1240 2894 1521 2983 ejusdem
1565 2896 1842 2983 geneth,
1887 2895 2080 2961 animo
2122 2920 2347 2976 errare,

285 2998 543 3063 turbari.
590 2997 773 3064 Idem
794 2997 1145 3065 videbimus
1173 2997 1294 3062 effe
1321 2997 1657 3084 negotium
1681 2997 1855 3063 verbi
1875 2996 2108 3076 θοάζειν,
2139 2996 2242 3060 sed
2271 3009 2350 3063 ut

284 3099 419 3165 duo
462 3100 583 3165 fint
622 3099 863 3165 diversa
897 3101 1106 3179 verba,
1149 3099 1358 3169 θοάζειν
1376 3099 1611 3185 sedere,
1650 3111 1719 3164 et
1752 3099 1961 3170 θοάζειν
1998 3098 2243 3176 irruere,
2279 3111 2349 3162 et

280 3200 602 3288 originem
645 3200 1071 3288 propinquam
1116 3200 1393 3264 habeant
1435 3198 1638 3300 longe
1678 3198 2005 3278 diversam,
2052 3196 2347 3264 ultimam

284 3318 503 3368 tamen
530 3324 967 3369 communem.
1037 3303 1291 3367 Notum
1329 3300 1417 3365 est
1460 3293 1722 3365 verbum
1764 3299 1901 3379 θέω,
1945 3300 2104 3366 item
2130 3298 2347 3385 dupli·-

278 3403 376 3469 cis
404 3404 735 3470 contrariae
779 3402 1272 3492 significationi&
1304 3417 1479 3516 pono,
1517 3414 1588 3466 et
1623 3424 1828 3466 cur-roz
1874 3400 2026 3465 hinc
2052 3400 2346 3467 novimus

285 3521 524 3570 nomen
550 3507 698 3584 θοός,
726 3506 900 3569 velox
907 3530 929 3586 3
974 3518 1043 3569 at
1075 3506 1223 3584 θοός,
1257 3503 1510 3592 quietus,
1548 3525 1678 3567 non
1715 3502 1910 3566 exstat
1929 3527 1949 3566 ε
1994 3525 2035 3566 a
2062 3503 2210 3582 θοός,
2238 3527 2339 3567 ve-

282 3605 413 3685 lox,
455 3608 543 3671 est
587 3606 821 3686 θοάζειν,
876 3606 1099 3671 irruere
1120 3630 1141 3670 .·
1200 3629 1241 3671 a
1288 3607 1437 3685 θοός,
1483 3604 1736 3692 quietus,
1786 3602 1963 3690 quod
2011 3602 2220 3690 periit,
2267 3606 2354 3670 est

284 3709 524 3791 θοάζειν,
548 3708 780 3797 fidere.
844 3708 1036 3774 Unde
1063 3708 1262 3796 igitur
1287 3709 1397 3774 ista
1425 3705 1848 3794 repugnantia
1874 3706 1941 3771 in
1969 3707 2162 3771 verbo
2188 3706 2346 3774 θέω.)

283 3809 616 3876 Nimirum
659 3831 762 3874 res
801 3811 883 3875 ab
919 3808 1168 3897 origine
1210 3811 1297 3876 est
1339 3807 1709 3896 repetenda.
1779 3809 2035 3873 Notum
2077 3809 2164 3873 est
2206 3811 2352 3876 fim-

284 3911 436 3999 plex
488 3911 559 3976 ’ἕω
612 3911 778 3976 mitto
794 3937 814 3992 3
877 3910 1064 3998 eique
1113 3910 1393 3997 subjeEto
1443 3908 1578 3989 σέω,
1627 3933 1844 3988 moveo,
1893 3924 1960 3975 et
2000 3908 2133 3991 τίω,
2182 3925 2354 3998 pona.

287 4011 526 4078 Multis
553 4013 764 4099 postea
795 4011 1041 4089 seculi3‚
1071 4010 1336 4076 indu&
1360 4016 1426 4090 θ,
1456 4009 1597 4074 haec
1626 4009 1812 4074 litera
1837 4022 2186 4097 utrumque
2215 4034 2354 4078 ver-

282 4117 445 4183 bum
473 4115 833 4201 occupavit,
863 4129 931 4180 et
954 4115 1147 4179 ambo
1174 4113 1461 4201 quamvis
1496 4112 1733 4178 diversa
1761 4112 1826 4178 in
1857 4135 2052 4179 unam
2082 4114 2356 4178 formam

285 4217 528 4304 coegit.
583 4217 795 4305 Igitur
817 4216 954 4297 θέω,
986 4231 1164 4305 pono,
1195 4217 1389 4303 longe
1416 4215 1593 4281 aliud
1620 4216 1704 4281 est
1727 4238 1804 4280 ac
1828 4217 1965 4296 θέω,
1993 4240 2194 4280 curro.-
2230 4215 2358 4281 hoo

286 4320 463 4384 enim
503 4320 760 4405 proprie
796 4321 881 4385 est
922 4319 1056 4400 σίω,
1095 4319 1254 4384 illud
1279 4317 1412 4382 τέω.
1481 4313 1586 4382 Αό
1627 4345 1666 4382 τ
1704 4318 1966 4406 quidem
1992 4318 2362 4402 frequenter.

286 4421 359 4486 in
385 4426 428 4485 θ
456 4420 693 4504 abiiss'e,
730 4447 771 4486 σ
807 4436 873 4488 et
915 4448 953 4487 τ
990 4435 1353 4510 permutata
1385 4421 1588 4503 huffe,
1632 4435 1706 4488 ut
1750 4419 1991 4488 nemini
2032 4419 2356 4505 ignotum,
