3067 5225
748 391 829 452 ⁵6
914 389 1328 464 ANIMADV,
1354 388 1452 450 IN
1478 391 1629 451 LIB.
1652 388 1760 452 DE
1785 389 2135 455 EDUCAT.
2160 391 2632 453 PUERORUM.

1575 724 1813 789 CAP.
1878 726 1970 789 ΙῙ.

753 868 854 932 De
900 867 1215 934 Verborum
1255 869 1689 958 Nominumque
1708 868 2175 956 βςηξβσαίἱοηε,
2219 866 2631 957 compqlz'tione,
2653 865 2804 951 for·

1475 971 1679 1054 mulis,
1710 970 2077 1038 diaionibus.

838 1154 1067 1222 Altera
1092 1155 1394 1221 orationis
1422 1178 1567 1244 pars
1596 1179 1726 1223 non
1765 1158 1831 1224 in
1873 1157 2015 1245 ipfis
2042 1179 2158 1244 per
2194 1157 2256 1221 se
2289 1156 2430 1221 solis
2457 1153 2660 1220 verbis
2688 1176 2808 1218 no-

756 1255 1179 1343 minibusque,
1210 1256 1315 1321 sed
1344 1257 1408 1322 in
1437 1281 1660 1323 eorum
1688 1272 1754 1323 et
1782 1259 2233 1345 significatione
2260 1269 2329 1323 et
2356 1256 2522 1321 inter
2561 1256 2623 1321 se
2650 1277 2811 1320 con·

744 1354 1109 1442 junctione,
1139 1357 1205 1423 id
1234 1358 1320 1422 est
1349 1360 1640 1424 formulis
1665 1383 1742 1425 ac
1770 1360 2177 1439 difflonibm,
2207 1358 2508 1424 cernitur.
2593 1357 2817 1442 Atque

759 1456 886 1521 hoc
914 1457 979 1521 in
1008 1457 1154 1523 loco
1181 1458 1385 1524 multa
1411 1482 1565 1526 cum
1602 1483 1790 1547 prava
1827 1473 1895 1526 et
1934 1461 2146 1525 minus
2175 1462 2396 1546 proba,
2427 1472 2568 1524 tum
2595 1480 2633 1530 a
2663 1457 2817 1522 Plu-

757 1558 963 1623 tarchi
994 1559 1128 1624 stilo
1152 1561 1382 1640 aliena,
1412 1563 1822 1648 reperiemus,
1914 1562 2290 1630 Plutarchus
2315 1561 2511 1626 habet
2537 1559 2644 1625 ille
2668 1559 2816 1645 qui-

758 1659 907 1724 dem
950 1659 1214 1726 subinde
1257 1661 1491 1726 rariora
1535 1685 1575 1726 a
1616 1663 1860 1751 vulgari
1897 1664 2015 1728 usu
2055 1674 2302 1728 remota
2338 1660 2666 1737 vocabula,
2715 1659 2822 1724 sed

758 1781 892 1825 non
921 1772 995 1824 ut
1035 1782 1110 1824 ea
1150 1760 1416 1828 studiose
1444 1777 1708 1848 quaerat,
1740 1763 1845 1828 sed
1887 1775 1963 1829 ut
1990 1784 2104 1850 per
2132 1761 2502 1847 multiplicis
2528 1759 2822 1825 lectionis

759 1859 1188 1948 doctrinaeque
1215 1861 1674 1927 abundantiam
1716 1864 1932 1930 oblata
1971 1862 2264 1949 accipiat,
2294 1876 2361 1927 et
2387 1862 2468 1928 ad
2494 1859 2824 1926 sententiae

760 1962 889 2026 suae
915 1962 1039 2026 vim
1069 1962 1538 2049 efficaciamque
1565 1963 2010 2028 accommodet
2026 1987 2047 2042 3
2092 1962 2383 2026 eamdem
2411 1961 2689 2047 sequitur
2720 1982 2823 2024 ra·

758 2061 1003 2126 tionem
1034 2084 1110 2125 ac
1138 2061 1543 2146 prudentiam
1583 2062 1651 2125 in
1697 2061 1984 2125 formulis
2020 2083 2095 2125 ac
2123 2059 2527 2124 dictionibus·
2602 2059 2825 2145 Scrip-

760 2174 869 2228 tor
901 2161 1097 2226 libelli
1135 2160 1326 2246 hujus
1364 2160 1429 2224 in
1460 2160 1562 2224 his
1596 2161 1897 2225 orationis
1925 2159 2209 2247 partibus
2247 2160 2379 2223 fere
2417 2160 2542 2222 fine
2569 2157 2828 2245 judicio

762 2259 1160 2349 exquifitiora
1192 2282 1464 2347 quaeque
1507 2273 1575 2326 et
1617 2260 1896 2347 argutias
1932 2259 2347 2325 consectatur.
2436 2258 2828 2345 Hujusmodi

765 2365 948 2428 sunt:

853 2469 922 2530 Ρ.
954 2487 1013 2530 1.
1047 2464 1145 2530 C.
1128 2491 1143 2507 ·
1187 2464 1594 2551 μεγαλαυχίας
1638 2463 2006 2546 ἐμπίπλανται
2047 2465 2091 2550 ’31
2134 2464 2528 2551 φρυάγματος.
2513 2489 2528 2503 ·
2587 2463 2827 2549 postre—

765 2589 948 2631 mum
994 2568 1120 2632 hoc
1162 2564 1428 2652 arripuit
1467 2577 1545 2631 ut
1588 2565 1912 2631 sonantius
1946 2579 2014 2630 et
2058 2565 2364 2644 ornatiuS,
2407 2585 2525 2650 pro
2564 2563 2826 2651 simplici

764 2667 878 2731 illo
900 2668 1253 2754 φρονήματος,
1284 2665 1459 2753 quod
1489 2664 1693 2748 Plato,
1724 2689 1917 2752 quem
1946 2665 2181 2731 imitari
2207 2665 2335 2733 hoc
2375 2664 2523 2730 loco
2554 2664 2822 2747 videtur,

670 2784 678 2791 ·
765 2767 995 2854 aliique
1024 2767 1454 2854 frequentant.

855 2868 1020 2934 Ibid.
1022 2870 1153 2949 D.
1200 2874 1400 2955 μικρὰν
1436 2870 1500 2932 τὸ
1535 2867 1811 2953 μέγεθος·
1796 2916 1811 2930 .
1860 2869 2166 2955 nusquam
2205 2868 2363 2935 dixit
2408 2867 2823 2933 Plutarchus:

767 2970 1213 3036 Herodoteum
1255 2972 1364 3051 est,
1412 2970 1687 3056 indeque
1725 2971 2050 3057 Sophistis,
2092 2971 2366 3036 maxime
2399 2970 2660 3035 AEliano
2698 2969 2823 3034 fre-

768 3083 1173 3157 quentatum.
1267 3072 1644 3154 Plutarchus
1685 3073 1822 3140 Vit.
1851 3072 2089 3160 Agefil.
2132 3094 2201 3160 p.
2229 3075 2380 3160 596.
2412 3075 2481 3138 F.
2530 3070 2693 3137 dixit
2725 3098 2827 3155 μι-

768 3177 904 3258 κρὰν
932 3173 1012 3239 de
1039 3174 1160 3241 hac
1188 3174 1342 3261 ipsa.
1398 3178 1404 3186 '

856 3275 926 3338 Ρ.
955 3294 1017 3342 2.
1048 3276 1120 3339 F.
1177 3275 1498 3361 Repetitio
1525 3274 1808 3362 ejusdem
1837 3275 2060 3339 formae
2098 3273 2211 3353 Καὶ
2235 3274 2296 3339 τί
2321 3277 2391 3337 δεῖ
2419 3277 2469 3336 τ’
2498 3272 2656 3337 ἄλλα
2682 3278 2824 3336 θαυ-

767 3373 978 3457 μάζειν·
1025 3389 1092 3440 et
1129 3398 1303 3454 mox,
1346 3373 1462 3455 Ka)
1495 3374 1555 3439 τί
1593 3377 1663 3439 δεῖ
1698 3381 1776 3438 τὰ
1810 3380 2016 3439 πολλὰ
2043 3373 2248 3459 λέγειν,
2291 3397 2327 3439 e
2369 3376 2655 3459 perverso
2696 3374 2826 3438 ele-

769 3474 1132 3560 gantiarum
1176 3475 1379 3540 studio
1412 3475 1719 3562 profecta.
1806 3474 1916 3539 Ad
1945 3475 2069 3539 hoc
2096 3496 2305 3560 genus
2329 3473 2656 3538 referenda
2687 3475 2828 3539 sunt

771 3587 992 3638 notata
1033 3574 1217 3662 supra
1263 3578 1427 3641 Part.
1462 3578 1516 3639 Ι.
1566 3576 1729 3662 Cap.
1758 3577 1846 3641 11.
1895 3578 1951 3660 ξ.
1985 3592 2064 3656 23
2111 3595 2231 3638 nec
2258 3596 2334 3639 ea
2374 3597 2547 3639 nunc
2577 3587 2822 3661 repete·-

773 3696 941 3739 mus·

858 3777 928 3840 P.
953 3795 1021 3861 3.
1049 3778 1153 3842 A:
1197 3780 1344 3866 πρὸς
1377 3784 1569 3865 &geris
1606 3779 1828 3856 κῦησινε
1878 3776 2192 3861 ineptum,
2224 3786 2300 3839 ut
2325 3774 2577 3840 doctius
2605 3774 2823 3860 exqui-

772 3874 1062 3963 fitiusque
1112 3877 1499 3964 susceptum,
1548 3898 1663 3964 pro
1706 3877 1971 3963 simplici
2012 3879 2157 3964 πρὸς
2203 3881 2395 3963 ἀρετ-ἥς
2441 3881 2667 3951 mictu:
2720 3874 2820 3938 nifi

773 3975 939 4061 forte
973 3977 1062 4040 ita
1100 3977 1334 4065 scripfit
1371 3977 1629 4041 aul-Iton
1676 3977 1782 4042 sed
1821 3976 2075 4041 difficile
2115 3976 2200 4041 est
2231 3974 2521 4062 judicare
2557 3975 2623 4038 in
2664 3975 2822 4061 ejus·

774 4073 952 4138 modi
993 4074 1354 4160 scriptione,
1393 4075 1569 4163 quod
1611 4076 1834 4142 vitium
1877 4075 2147 4157 au&ori,
2175 4074 2350 4162 quod
2391 4075 2669 4155 librariO,
2713 4075 2823 4138 tri-

771 4176 1066 4240 buamus·
1821 4198 1832 4211 ·

758 4306 763 4311 ·
861 4277 930 4340 P.
954 4290 1023 4360 5.
1053 4273 1133 4341 C.
1179 4281 1206 4339 ὁ
1234 4277 1416 4351 πολὺς
1441 4282 1667 4353 σλέτος
1692 4279 1893 4353 σκοπὸς
1920 4277 2153 4357 ἔκκειται
2189 4281 2300 4353 τοῖς
2327 4275 2649 4360 βελομένοις
2675 4277 2824 4355 βαλ-
