3067 5225
668 498 779 562 DE
819 500 1271 563 AUDIENDIS
1313 498 1606 561 POETIS.
1647 521 1706 578 p.
1727 494 1922 601 27..F.
2137 572 2142 577 ‚
2205 513 2325 577 257

260 666 523 733 nomine
550 663 724 754 apud
754 665 1085 730 Stobaeum
1124 664 1330 730 Serm.
1357 666 1441 731 V.
1473 688 1539 752 p.
1567 666 1675 751 63.
1705 663 1878 730 unde
1908 662 2172 730 Grotius
2201 687 2323 751 po-

260 769 385 833 suit
419 769 482 833 in
521 766 862 853 Florilegio
888 766 1016 831 Tit.
1034 768 1119 831 V.
1165 789 1230 853 p.
1254 782 1364 852 35.
1436 764 1802 830 Bruuckius
1839 763 1966 831 hoc
2006 765 2326 831 Plutarchi

257 869 500 935 indicio
526 867 833 995 Sophocli
861 866 1113 932 afferuit
1142 869 1395 954 Fragm.
1430 868 1666 931 Incert.
1694 864 1815 930 XI.
1845 887 1914 952 p.
1937 881 2047 953 37.

344 986 449 1054 27.
482 973 553 1035 F.
606 969 824 1044 ἀτόποις
850 968 1153 1057 πράγμασι
1185 967 1359 1054 λόγες
1389 966 2119 1054 ἂκιγελῶντας--πορίξειω]
2172 966 2322 1033 Rei·

258 1072 459 1137 skium
491 1070 906 1156 ἐπιγελῶντας
890 1094 981 1150 m,
1012 1070 1220 1136 nescio
1249 1068 1428 1158 quid,
1465 1072 1727 1149 ἐπιεικεῖς,
1766 1072 2017 1153 εὐγενεῖς,
2062 1069 2324 1155 εὖλόγες,

259 1190 510 1241 mutare
556 1174 838 1254 voluiss'e,
883 1198 1012 1240 non
1056 1174 1284 1240 miror·
1340 1168 1551 1261 magis
1588 1173 1784 1238 miror
1827 1172 2036 1237 Krebs
2041 1194 2154 1237 um
2190 1172 2324 1238 fre·

256 1277 559 1363 quentiua
595 1299 793 1365 quam
836 1298 950 1363 par
990 1292 1126 1343 erat
1168 1278 1307 1342 istas
1350 1278 1747 1366 conjecturas
1789 1275 2180 1355 memorasse,
2210 1288 2326 1341 aut

258 1392 642 1443 memoratas
691 1401 820 1443 non
870 1376 1242 1466 diligentius
1288 1401 1365 1443 ex
1417 1379 1534 1443 usu
1581 1375 1904 1447 Plutarchi
1950 1376 2322 1458 confutasse,

257 1501 453 1564 quem
495 1494 691 1557 certe,
736 1491 813 1542 ut
847 1477 1056 1543 editor
1087 1478 1281 1567 hujus
1321 1475 1542 1557 libelli,
1591 1477 2042 1567 pertractatum
2088 1477 2325 1544 habere

259 1580 553 1647 debebat.
634 1581 843 1668 Igitur
885 1587 1147 1670 ἐπιγελᾷν
1188 1582 1275 1646 est
1321 1595 1390 1648 et
1432 1582 1672 1662 irrideo,
1726 1593 1793 1646 et
1837 1581 2093 1646 arrideo.
2175 1581 2324 1645 Hac

260 1680 711 1769 fignificatione
759 1682 884 1748 hoc
929 1681 1072 1748 loco
1115 1683 1317 1749 valet:
1381 1696 1452 1748 ut
1493 1682 1665 1748 recte
1714 1682 1904 1747 vertit
1949 1682 2318 1771 Xylander:

253 1797 321 1848 et
358 1787 561 1870 potest
604 1782 729 1848 hoc
766 1784 944 1849 sensu
982 1783 1323 1871 dupliciter
1351 1783 1763 1870 accipi—vel,
1803 1783 2129 1872 adiungere
2162 1797 2317 1872 pra-

251 1882 352 1945 vis
373 1882 573 1969 faEis
602 1883 912 1948 orationem
953 1884 1314 1972 rationesque
1349 1908 1485 1972 quae
1526 1883 1619 1947 his
1636 1883 1838 1971 fabiis
1873 1883 2184 1948 arrideant
2212 1908 2318 1948 ea-

252 2007 365 2070 que
412 1982 699 2072 probent.-
762 1984 1081 2073 vel-—quae
1123 1985 1286 2050 nobis
1332 1985 1660 2073 legentibus
1707 1984 2021 2050 arrideant
2062 2008 2136 2048 ac
2174 1985 2318 2074 pla-

252 2100 446 2150 ceant.
523 2088 745 2174 Itaque
789 2092 1057 2174 ἐπιγελῶν
1100 2088 1266 2173 λόγος
1309 2090 1397 2155 est
1425 2087 1520 2153 vel
1558 2085 1739 2173 λέγων
1774 2092 2064 2172 ὶπιγελῶν,
2097 2102 2319 2166 orator,

247 2199 561 2274 patronus,
602 2187 875 2250 arridens
903 2187 995 2252 his
1015 2188 1237 2275 fabiis,
1270 2188 1367 2255 vel
1404 2188 1591 2252 oratio
1621 2212 1760 2277 quae
1794 2188 1959 2252 nobis
1992 2187 2320 2277 legentibus

246 2286 465 2374 placet.
552 2287 657 2352 Sic
716 2287 1087 2352 Plutarchus
1144 2288 1622 2377 comparatione
1667 2287 2120 2375 elegantiffima
2170 2289 2315 2356 Ad-

253 2388 407 2453 vers.
450 2389 709 2475 Epicur.
766 2410 831 2476 p.
868 2392 1052 2473 1087.
1103 2392 1194 2454 E:
1262 2392 1317 2471 αἱ
1360 2391 1415 2452 δὲ
1458 2389 1630 2470 ἡδοναὶ
1675 2389 1928 2479 καθάπερ
1973 2388 2136 2479 αὖρα(
2169 2392 2317 2480 σ’ςὸς

250 2491 459 2580 ἑτέραις
498 2493 675 2581 ἕτεραι
707 2498 782 2556 r&
821 2492 1079 2577 σώματος
1119 2492 1313 2582 ἄκραις
1350 2497 1688 2580 ἔπιγελῶσαΙ
1730 2493 2065 2581 διαχέονται,
2092 2493 2316 2583 volup-

251 2606 413 2682 tates,
430 2592 575 2657 aliae
604 2595 692 2657 ad
715 2593 872 2660 alias
898 2596 1148 2685 corporis
1176 2597 1595 2678 extremitates,
1622 2609 1691 2663 ut
1717 2622 1892 2664 aurae
1921 2596 2009 2661 ad
2036 2611 2313 2686 promon-

252 2695 429 2776 toria,
472 2697 803 2761 arridentes
846 2697 1293 2786 dg‘ffimduntur.
1370 2699 1535 2765 Ibid.
1592 2722 1658 2788 p.
1695 2720 1881 2787 1103.
1912 2699 2009 2764 C:
2058 2700 2317 2786 μεγάλην

248 2800 424 2877 ἡδονὴν
466 2801 806 2865 ποιεῖ-οἷον
843 2806 1009 2880 αὐτὴν
1047 2805 1392 2887 ἔπιγελῶσαν
1428 2807 1540 2877 τοῖς
1583 2808 1842 2888 ἀγαθοῖς·
1891 2804 1992 2867 hoc
2031 2826 2316 2890 magnam

226 2895 399 2983 jacit
439 2897 823 2987 voluptatem·
848 2913 1150 2988 tamquam
1193 2903 1550 2966 arridentem
1594 2901 1776 2967 bonis.
1863 2900 2318 2986 Aristophanes

249 2999 639 3087 Thesmopb.
691 3003 856 3088 985:
914 3006 1124 3090 Ἑρμῆν
1165 3029 1227 3066 τε
1267 3003 1476 3085 Νόμιον
1519 3000 1773 3085 ἄντομαι,
1827 3000 1943 3081 Καὶ
1987 3007 2182 3080 Πᾶνα,
2222 2994 2316 3081 καὶ

248 3104 491 3187 Νύμφας
537 3105 727 3188 φίλας,
769 3108 1149 3193 Ἐπιγελίισα]
1190 3108 1521 3195 προθύμως,
1562 3111 1703 3183 Ταῖς
1738 3104 2020 3192 ἡμετέραις
2054 3103 2314 3192 χαρέντα
2387 3139 2396 3154 =

240 3207 511 3297 χορείαις
569 3230 700 3295 quo
744 3209 889 3275 loco
931 3211 1138 3275 utitur
1177 3210 1374 3274 etiam
1421 3206 1808 3273 doctissimus
1864 3209 1936 3272 F.
1965 3208 2044 3272 L.
2073 3204 2310 3272 Abres-

244 3308 437 3374 chius
459 3309 743 3375 Dilucid.
771 3311 1068 3400 Thucyd.
1097 3334 1162 3398 p.
1189 3328 1341 3397 340.
1371 3309 1483 3396 qui
1519 3308 1601 3374 de
1631 3310 1757 3374 hoc
1785 3309 1901 3374 usu
1930 3309 2100 3374 verbi
2132 3308 2322 3402 plura¹

246 3407 462 3475 docet.
562 3411 665 3476 Ita
714 3411 911 3477 etiam
963 3412 1050 3478 est
1102 3410 1433 3495 ἔπιμειδιᾶω,
1486 3409 1861 3498 egon-yeme»,
1907 3409 2310 3498 σροσμειδιᾶω,

248 3506 424 3594 quod
454 3529 606 3574 mox
633 3509 914 3597 sequitur
938 3531 1005 3597 p.
1041 3511 1143 3578 28.
1170 3511 1254 3574 A.

339 3627 443 3695 27.
469 3612 540 3676 F.
584 3610 874 3696 σύσκηνος]
934 3608 1293 3698 Euripide8‚
1337 3607 1678 3697 Sophoclis
1716 3604 1968 3694 collega
1998 3619 2067 3672 et
2105 3606 2313 3673 socius

250 3709 319 3774 in
361 3711 563 3792 scena,
607 3712 871 3791 σύσκηνος
913 3711 1147 3778 dicitur
1188 3710 1359 3777 felici
1401 3710 1733 3776 tralatione
1744 3734 1766 3791 3
1813 3730 2014 3797 quum
2057 3710 2312 3798 proprie

246 3810 546 3878 dicantur
598 3813 725 3880 hoc
779 3814 1039 3879 nomine
1094 3811 1534 3880 contubernales
1586 3811 1652 3877 in
1705 3809 1973 3879 militia:
2032 3811 2230 3878 veluti
2270 3835 2313 3878 a

249 3911 597 3978 Plutarcho
637 3913 809 4000 opp.
849 3916 1024 3979 Mor.
1073 3935 1140 4002 p.
1175 3914 1317 3996 148.
1344 3914 1434 3978 A.
1480 3914 1630 4001 998.
1657 3914 1749 3978 D.
1817 3912 2021 3980 Vitar.
2061 3936 2130 4002 p.
2164 3934 2306 4003 194.

243 4015 327 4080 Ε.
370 4032 523 4101 497.
550 4017 637 4082 A.
683 4017 835 4083 620.
862 4016 939 4082 B.
967 4030 1035 4082 et
1058 4015 1199 4081 aliis
1227 4017 1412 4102 saepe.

332 4137 439 4205 27.
470 4123 541 4185 F.
585 4123 835 4210 Φαίδραν
871 4123 964 4204 καὶ
1003 4130 1503 4212 προσεγκαλρῦσαν
1541 4129 1624 4209 τῷ
1662 4125 1866 4210 Θησεῖ]
1917 4124 2071 4191 Non
2112 4125 2198 4189 est
2241 4124 2308 4189 in
2437 4109 2442 4122 ⁸

238 4220 583 4309 tragoedia,
609 4244 755 4310 quae
785 4224 1079 4311 superest,
1122 4223 1445 4313 Hippohto
1476 4237 1746 4296 coronato
1763 4251 1785 4306 3
1830 4225 1936 4291 sed
1966 4226 2090 4290 fuit
2115 4222 2181 4287 in
2207 4245 2308 4306 ea,

237 4347 388 4411 quae
432 4325 643 4413 periit,
692 4326 1015 4416 Hippoh·to
1055 4324 1476 4413 καλπῖομίνφε
1522 4323 1606 4400 de
1647 4349 1916 4414 quarum
1954 4324 2311 4391 differentia

236 4425 615 4491 consulendi
657 4428 806 4493 sunt
853 4431 932 4496 L.
962 4427 1043 4494 C.
1074 4426 1542 4496 Valckenarius
1590 4427 1655 4493 in
1702 4428 1952 4493 Praefat.
1994 4424 2076 4490 ad
2117 4425 2306 4492 Euri-

383 4545 561 4592 vor..
596 4547 700 4592 vr.
1303 4549 1334 4592 s
