3067 5225
726 542 810 604 64
896 542 1313 602 ANIMADV.
1346 544 1441 602 IN
1470 543 1617 602 LIB.
1644 542 1751 602 DE
1775 542 2125 602 EDUCAT.
2155 540 2621 605 PUERORUM.

729 705 997 788 ᾠόμεθα.
1082 707 1227 771 Jam
1271 704 1401 792 ip'sa
1438 704 1730 770 tmaatio
1759 718 1833 769 ut
1862 705 2099 770 nullam
2123 688 2371 792 *prodat
2411 706 2502 770 rei
2544 726 2784 791 propo-

729 809 857 882 fitae
885 807 1142 894 ejusque
1186 821 1428 871 naturae
1463 806 1926 892 cognitionem,
1970 821 2194 872 contra
2227 806 2443 886 etiam,
2474 806 2783 894 puerilem

720 907 1193 994 ignorantiam:
1241 920 1317 972 ut
1357 906 1515 972 locis
1551 908 2024 986 communibus„
2065 906 2477 985 sententioIiS,
2512 905 2787 970 flosculis

727 1007 1015 1074 oratoriis
1067 1008 1326 1073 aliunde
1374 1007 1690 1093 decerptis
1734 1007 2172 1073 contineatur:
2240 1020 2318 1071 ut
2367 1006 2787 1093 philosophia

728 1124 1180 1196 argumentum
1225 1110 1503 1174 alienum
1555 1130 1594 1172 a
1643 1109 1871 1195 puerili
1922 1123 2110 1174 aetate
2149 1108 2444 1195 arripiat,
2503 1107 2786 1194 ejusdem

727 1209 1158 1276 laudationem
1211 1234 1472 1276 vacuam
1522 1212 1605 1275 ab
1654 1211 1833 1274 omni
1883 1210 2161 1296 partium
2205 1209 2656 1296 significatione
2705 1231 2787 1274 ex
2917 1243 2921 1250 ,

728 1310 942 1397 aliqua
991 1312 1157 1377 forte
1210 1311 1596 1399 protreptica
1641 1311 1930 1376 oratione
1981 1311 2331 1398 susceptam
2376 1310 2644 1376 reserata
2710 1323 2788 1373 ut

730 1412 1027 1477 Isocratei
1071 1411 1345 1498 exempli
1384 1434 1464 1476 ex
1495 1434 1731 1500 genere
1774 1417 2076 1498 ὑποθετικῷ
2122 1426 2189 1477 et
2227 1417 2608 1500 vaganti-maji·
2634 1410 2784 1474 imi-

729 1513 890 1577 tatio
925 1527 1263 1598 appareat:
1318 1513 1502 1598 supra
1542 1513 1686 1577 satis
1729 1512 2136 1577 ostendimus.
2224 1512 2522 1599 Denique
2561 1511 2785 1599 Epilo-

726 1635 853 1700 gus
880 1614 1081 1699 qualis
1109 1615 1236 1679 est?
1289 1613 1478 1678 Plane
1506 1613 1753 1679 videtur
1778 1614 2108 1678 continere
2135 1614 2411 1701 magistri
2438 1612 2785 1700 judicium,

727 1715 1053 1800 scriptioni
1080 1714 1367 1801 discipuli
1407 1716 1857 1801 subscriptum:
1905 1715 2169 1780 omnino
2196 1728 2264 1779 et
2290 1715 2516 1779 habitu
2543 1728 2611 1779 et
2636 1713 2786 1778 o'raf-

729 1817 905 1880 tione
949 1815 1196 1880 accedit
1242 1815 1327 1880 ad
1378 1817 1650 1881 formam
1705 1816 2048 1898 Plutarchi,
2100 1830 2367 1905 excepto
2417 1840 2550 1882 uno
2594 1819 2790 1883 verbo

731 1915 1172 2004 συμπεριλαὸἒν,
1216 1917 1281 1982 in
1322 1940 1452 2005 quo
1493 1918 1534 1981 fi
1581 1940 1710 1982 non
1752 1918 2173 1999 offendamur,
2212 1932 2327 1983 aut
2362 1918 2403 1982 fi
2440 1918 2505 1983 id
2533 1942 2572 1983 a
2598 1919 2788 1984 disci-

730 2018 885 2103 pulo
914 2018 1275 2103 profectum
1304 2018 1684 2096 statuamus3
1732 2018 1995 2082 minime
2034 2041 2074 2082 a
2110 2018 2641 2084 verisimilitudine
2668 2020 2786 2082 ab·-

727 2118 986 2182 horrere
1030 2117 1362 2191 videbitur,
1411 2117 1755 2202 Epilogum
1800 2140 1839 2179 a
1889 2117 2227 2182 Plutarcho
2271 2118 2592 2203 adjmstnm
2638 2120 2795 2183 effe.

730 2221 957 2304 Itaque
984 2216 1346 2301 exemplum
1376 2217 1568 2302 hujus
1599 2217 1826 2280 chreiae
1857 2218 2019 2282 forte
2048 2219 2213 2283 inter
2244 2219 2559 2283 Plutarchi
2588 2219 2793 2305 scrip-

733 2333 801 2382 ta
842 2318 1134 2396 relatum,
1182 2339 1334 2382 cum
1385 2317 1583 2404 iisque
1627 2317 1740 2382 sub
1796 2318 1934 2405 ejus
1984 2318 2243 2384 nomine
2292 2318 2626 2404 vulgatum
2675 2320 2790 2383 fu·-
2825 2336 2832 2340 ·

731 2417 877 2483 erit.
1090 2455 1125 2475 κ

818 2522 1021 2599 Itane,
1053 2518 1222 2583 dicat
1250 2519 1413 2604 quis,
1447 2517 1686 2583 nullam
1716 2517 1866 2584 huic
1899 2518 2113 2584 libello
2141 2518 2346 2584 laudis
2372 2518 2792 2606 utilitatisque

730 2633 976 2707 partem
1010 2620 1350 2705 relinquis?
1398 2622 1554 2685 Non
1598 2620 1896 2706 equidem
1939 2621 2126 2707 plane
2163 2620 2587 2709 abjiciendum
2626 2644 2788 2686 cen-

730 2720 924 2784 seam.
1014 2720 1089 2783 In
1134 2717 1351 2803 spuriis
1395 2717 1568 2782 haud
1611 2719 1923 2803 postremo
1960 2721 2046 2784 est
2088 2718 2266 2785 loco:
2313 2720 2537 2784 melior
2572 2734 2637 2783 et
2665 2743 2788 2784 an·-

729 2819 969 2904 tiquior
1018 2820 1104 2884 est
1159 2819 1281 2884 illis
1333 2821 1433 2884 De
1478 2819 1831 2898 Nobilitate,
1886 2822 1986 2884 De
2034 2820 2296 2901 Fluviis,
2330 2819 2791 2889 'Parallelorum

738 2921 856 2985 Gr.
888 2933 943 2984 et
973 2921 1077 3000 R„
1122 2922 1606 3008 scriptiunculis·
1694 2924 1912 2987 Habet
1952 2921 2206 2987 laudem
2251 2935 2328 2988 ut
2371 2923 2788 2989 adolescentis

731 3022 981 3087 chreia:
1038 3022 1233 3087 habet
1274 3023 1338 3086 in
1379 3022 1487 3088 illa
1532 3023 1834 3087 orationis
1880 3022 2316 3089 mediocritate
2355 3046 2430 3090 ac
2473 3024 2785 3097 doctrinae

728 3123 985 3189 levitate
1013 3137 1228 3188 tamen
1267 3123 1544 3209 aliquam
1583 3122 1968 3210 cognitionis
2006 3124 2345 3187 utilitatem
2374 3137 2442 3188 et
2470 3122 2786 3210 jucundi·

730 3237 954 3306 tatem,
985 3224 1177 3290 semel
1210 3224 1484 3311 legendo
1513 3224 2007 3311 percipiendam,
2053 3247 2182 3290 non
2221 3225 2487 3310 repetita
2512 3221 2789 3290 le8tione

645 3384 650 3395 .
730 3331 1140 3409 crescentem,
1172 3330 1281 3415 qui
1317 3330 1404 3393 est
1439 3330 1684 3395 fructus
1726 3352 2180 3417 germanorum
2223 3329 2541 3394 Plutarchi
2581 3330 2786 3395 libro-

729 3458 875 3500 rum
920 3451 988 3501 et
1029 3436 1258 3523 optimi
1302 3435 1606 3523 cujusque
1647 3438 1997 3516 Veterum3
2063 3435 2168 3500 sed
2211 3437 2417 3524 magis
2457 3436 2788 3524 magisque

731 3535 1197 3602 decrescentem
1227 3536 1399 3600 illam
1428 3558 1503 3601 ac
1529 3536 1951 3601 deficientem.
2040 3539 2324 3622 Legatur
2348 3560 2387 3601 a
2428 3538 2786 3623 proveetio-

732 3637 927 3714 ribu8‚
971 3637 1158 3722 ipfius
1200 3636 1623 3723 cognoscendi
1655 3637 1852 3701 libelli
1881 3637 2083 3701 caussa
2103 3663 2122 3717 ;
2169 3661 2298 3701 non
2326 3637 2410 3702 ad
2437 3660 2785 3725 argumen-

731 3749 874 3800 tum
918 3738 988 3799 de
1028 3738 1398 3802 Educatione
1441 3749 1497 3800 et
1539 3736 1923 3822 Institutione,
1967 3737 2067 3801 vel
2110 3760 2189 3802 ex
2231 3738 2413 3825 ipfius
2457 3753 2682 3805 natura
2715 3757 2788 3806 et

730 3836 997 3915 ratione,
1046 3836 1142 3900 vel
1186 3859 1266 3901 ex
1315 3837 1739 3923 Antiquitatis
1775 3858 1979 3916 more,
2032 3838 2538 3926 intelligendum.
2624 3841 2784 3905 Non

730 3950 1123 4023 proponatur
1166 3937 1500 4017 tironibus,
1545 3950 1622 4025 ut
1661 3939 1793 4001 fere
1837 3938 1928 4016 fit,
1965 3938 2063 4001 vel
2091 3938 2266 4024 quod
2308 3939 2477 4003 recte
2507 3939 2648 4026 jam
2679 3963 2783 4005 re·

730 4039 1069 4127 prehendit
1114 4039 1422 4104 Cellarius
1465 4039 1751 4104 Differtt.
1797 4038 2001 4103 Acad.
2044 4061 2111 4125 p.
2141 4041 2290 4123 708.
2321 4039 2401 4103 ad
2440 4039 2781 4106 institutio-

730 4164 880 4207 nem
924 4142 1122 4229 prosae
1163 4141 1462 4205 orationis
1507 4142 1773 4221 Graecae,
1803 4141 1900 4206 vel
1937 4141 2018 4205 ad
2059 4141 2462 4207 formandum
2500 4143 2785 4231 antiquae

730 4244 1063 4332 elegantiae
1089 4245 1357 4324 sensum,
1392 4244 1489 4307 vel
1532 4243 1803 4330 denique
1840 4243 1920 4308 ad
1959 4243 2252 4308 notitiam
2281 4259 2348 4309 et
2372 4243 2784 4309 consuetudi-

732 4367 880 4410 nem
910 4367 1060 4411 cum
1091 4344 1411 4411 Plutarchi
1439 4343 1680 4430 scriptis
1705 4343 2228 4411 contrahendam.
