3067 5225
470 469 580 536 DE
607 475 871 537 RECTA
895 479 1303 539 AUDIENDI
1331 479 1713 540 RATIONE.
1736 487 1905 557 p.48.
1921 481 2001 540 D.
2141 488 2257 542 413

210 639 558 726 leguntur:
611 663 670 703 v.
702 662 762 705 c.
853 639 1029 727 Opp.
1086 642 1261 705 Mor.
1314 663 1378 727 p.
1410 661 1515 727 23.
1560 642 1638 707 B.
1690 641 1956 724 ὠνόμακε.
2025 660 2132 727 43.
2181 643 2262 720 C,

213 739 471 817 ἤσκηκεν,
501 738 614 803 ubi
650 737 715 802 in
758 740 1028 804 nostram
1064 739 1437 819 editionem,
1478 741 1686 806 nescio
1720 762 1848 826 quo
1883 740 2051 819 casu,
2097 740 2269 805 venit

216 838 492 916 ἤσκησενε
550 857 700 925 399.
731 838 816 903 A.
862 852 930 904 et
972 840 1120 922 864.
1151 839 1238 905 A.
1282 841 1657 928 ἀνηγόρευκεν.
1712 860 1862 921 402.
1894 842 1970 905 B.
1998 839 2267 905 πέπαυκε.

215 958 370 1025 403.
398 940 476 1002 E.
504 939 787 1026 ηὖπὸςηκε.
846 940 993 1023 835.
1023 942 1108 1004 A.
1136 939 1376 1023 ἤκμακε.
1423 942 1570 1025 873.
1594 944 1671 1005 Ε.
1701 942 2029 1027 ᾇπῆγῖελκε.
2082 961 2268 1025 1113.

220 1043 294 1106 F.
340 1039 640 1104 κεκώλυκε.
710 1040 1007 1105 Vitatum
1051 1063 1117 1128 p.
1146 1043 1295 1105 618.
1326 1042 1404 1106 Β.
1443 1042 1938 1130 παρεσκευάκασι.
2000 1043 2148 1108 682.
2180 1044 2270 1109 D.

214 1142 473 1206 Ηαικεν.
518 1159 666 1227 712.
692 1143 772 1208 C.
800 1145 1090 1230 συνῳκήκει
1117 1168 1133 1208 2
1182 1143 1286 1209 scd
1315 1143 1397 1209 dc
1429 1142 2094 1230 Plusqumn-perfeffis
2121 1143 2273 1208 alibi

217 1245 540 1310 dicemus:
585 1246 883 1332 ἢνάγκακα
920 1260 996 1311 ut
1033 1248 1196 1312 bene
1236 1249 1539 1312 Graecum
1580 1248 1828 1334 probat,
1857 1247 2154 1331 ἀνῆγκακα
2197 1260 2273 1312 ut

214 1346 527 1433 populare
565 1346 1069 1420 Alexandrinum
1113 1348 1429 1435 improbat
1470 1348 1898 1436 Etymologus
1928 1350 2158 1435 Magn.
2203 1347 2270 1412 in

219 1446 346 1512 hac
387 1470 587 1514 vocet
634 1446 996 1512 Dinarchus
1023 1448 1136 1513 Or.
1167 1447 1335 1513 Adv.
1365 1448 1694 1513 Demosth.
1743 1468 1807 1533 p.
1841 1469 1945 1534 99.
1975 1449 2038 1511 A
2065 1472 2081 1511 ε
2128 1452 2269 1511 ἀπο·

218 1547 524 1634 πέφαγκεν.
599 1550 674 1613 In
718 1548 924 1613 nostro
950 1548 1094 1613 loco
1123 1571 1252 1613 una
1276 1550 1362 1614 est
1389 1548 1652 1613 varietas
1680 1547 2007 1612 Harleiani
2035 1547 2273 1614 codicis

221 1647 645 1736 ἱκῖεθέςμαγκε,
668 1670 812 1735 quae
843 1647 949 1711 nifi
980 1670 1145 1726 vera,
1176 1648 1381 1735 magis
1414 1663 1628 1713 tamen
1658 1648 1877 1733 proba,
1906 1649 1992 1712 est
2020 1648 2244 1712 forma.

309 1750 417 1830 48.
445 1751 533 1813 D.
577 1749 666 1813 ἵνα
698 1751 776 1830 μὴ
818 1752 1097 1831 σοφις-ικὴν
1142 1748 1247 1826 ἐ’ἔιν
1282 1749 1417 1830 μηδὲ
1461 1751 1714 1835 ἶςορικὴν,
1744 1751 1875 1811 ἀλλ’
1907 1749 2201 1811 ἐνδιάθετον
2228 1749 2273 1834 af,

222 1849 511 1932 φιλόσοφον
544 1846 938 1935 λαμὲίινωμεν]
991 1849 1426 1935 opponuntur
1449 1853 1700 1932 σοφιςικὴ
1730 1847 1835 1926 ἕξις
1861 1862 1929 1912 et
1957 1848 2275 1926 ἐνδιάθετος,

222 1950 309 2015 de
348 1950 578 2036 quibus
618 1948 895 2013 diximus
935 1949 1017 2014 ad
1059 1971 1128 2036 p.
1170 1969 1279 2030 44.
1323 1951 1412 2014 D.
1464 1950 1730 2013 internus
1771 1950 2009 2015 babitus
2040 1951 2276 2039 filidus

221 2077 298 2117 ac
319 2052 571 2139 firmus,
602 2049 909 2139 sbpbssico
950 2053 1039 2114 ad
1085 2051 1403 2139 opirgioucm
1450 2063 1775 2139 comparato
1794 2079 1814 2117 .·
1872 2053 2026 2118 item
2069 2077 2275 2142 oppo-

219 2167 467 2218 nuntur
492 2152 778 2236 φιλόσοφος
807 2165 874 2217 et
907 2155 1132 2238 ίς-ορικὴ,
1167 2173 1441 2238 quorum
1469 2152 1576 2216 hic
1613 2165 1867 2216 tantum
1896 2153 2097 2218 noscit
2133 2155 2284 2243 quid

194 2254 320 2342 fit,
349 2253 458 2319 ille
484 2252 679 2318 etiam
706 2276 888 2340 quare
906 2254 1020 2339 stt.
1091 2253 1395 2319 Latinum
1439 2254 1675 2318 babitus
1713 2254 1908 2342 vulgo
1950 2278 2078 2321 non
2110 2257 2279 2323 recte

218 2353 531 2439 accipitur
571 2374 686 2439 pro
713 2352 969 2439 solertia
1003 2369 1113 2442 per
1145 2355 1607 2442 consuetudinem
1650 2367 1707 2418 et
1745 2357 1912 2442 usum
1949 2358 2233 2445 acqug'fita
2254 2383 2277 2422 .·

219 2455 313 2520 est
354 2453 527 2518 enirn
570 2453 676 2532 ἕξις
713 2454 964 2539 proprie
1003 2453 1186 2534 illud,
1214 2454 1387 2541 quod
1424 2455 1647 2541 ἔχομεν,
1688 2455 1751 2519 in
1783 2455 1978 2543 iisque
2013 2459 2277 2523 censen-

223 2571 336 2624 tur
362 2554 636 2643 scientiae
674 2567 742 2620 et
759 2597 765 2604 -
785 2555 1060 2636 virtutes,
1097 2557 1353 2622 auclore
1386 2557 1719 2622 Aristotele
1764 2557 2064 2646 Categor.
2114 2559 2277 2648 Cap.

221 2675 296 2745 5.
337 2674 404 2726 et
438 2661 504 2723 6.
549 2671 618 2723 et
658 2659 1022 2748 Metaphys.
1062 2661 1178 2725 IV.
1211 2678 1316 2727 20.
1359 2660 1533 2726 unde
1574 2656 1809 2725 fluxiffe
1846 2660 2137 2727 videntur
2177 2686 2277 2743 ea,

225 2784 375 2849 quae
416 2758 705 2847 praecipit
746 2758 974 2826 Cicero
1012 2762 1258 2826 Invent.
1292 2762 1380 2825 ΙΙ.
1412 2783 1474 2847 9.
1519 2784 1801 2848 quocum
1830 2762 2281 2851 conjungenda

225 2865 378 2930 sunt
404 2860 801 2927 Aristotelica
827 2860 1209 2947 Metaphsl.
1244 2881 1350 2942 24,
1379 2881 1485 2946 25.
1528 2865 1611 2928 V.
1640 2883 1750 2947 53.
1822 2864 1995 2929 Hinc
2037 2865 2276 2932 intelli-

217 2961 481 3053 gendus
510 2961 737 3027 Cicero
765 2962 926 3050 133.
953 2963 1007 3027 Ι.
1037 2966 1137 3030 16.
1166 2976 1236 3029 et
1260 2961 1413 3029 alibi
1437 2962 1724 3031 subinde.
