3067 5225
534 476 647 537 DE
684 476 1137 538 AUDmNffls
1181 476 1470 538 roms,
1511 498 1571 556 p.
1590 486 1688 539 24.
1715 478 2053 543 F.-25.D.
2214 489 2329 541 245

244 680 253 687 ·
356 654 461 719 24.
490 639 561 704 F.
605 643 719 718 Τὴν
744 642 845 723 μὲν
871 645 990 729 γὰρ
1017 626 1411 728 κακότητα-ἱ]
1466 640 1724 707 Hefiodi
1750 641 1933 731 Ἔςγ.
1966 644 2112 729 285.

204 750 209 755 ’
242 778 259 787 -
354 757 461 820 24.
493 742 563 804 F.
608 740 774 817 Αἷψα
800 746 919 829 γὰρ
947 746 1001 805 ἐν
1025 741 1401 828 neandrum-q
1456 745 1658 807 Hom.
1691 741 1906 831 Odyfl'.
1925 745 2001 808 T.
2033 745 2185 829 360.

350 858 452 919 24.
480 843 551 907 F.
591 846 689 920 τὴν
728 842 1272 925 εὐδαιμονίαν-βίου
1318 849 1470 907 κατὰ
1511 844 1671 924 φύσιν
1726 846 2047 931 εὐροοῦντος]
2128 843 2331 909 Multi

257 941 502 1006 multat
550 941 616 1006 in
647 942 868 1030 primis
896 944 1264 1009 Aristoteles
1291 944 1355 1008 in
1389 944 1657 1024 Ethicis,
1694 946 1989 1029 Stoboeus
2029 947 2235 1010 Serm.
2271 946 2326 1010 Ι.

259 1041 378 1105 CI.
451 1042 559 1107 Est
585 1042 716 1107 fere
743 1043 1030 1109 Stoicum
1061 1049 1355 1133 εὐροέντος,
1386 1045 1468 1110 de
1496 1068 1627 1133 quo
1655 1046 1799 1111 satis
1828 1047 1902 1111 fit
1927 1046 2143 1133 legifl‘e
2164 1068 2328 1133 quos

242 1141 650 1208 daudavimus
675 1144 758 1208 ad
789 1145 1108 1211 Plutarchi
1136 1146 1423 1211 libellum
1453 1146 1535 1212 de
1564 1150 1701 1212 Ser.
1728 1148 1929 1213 Num.
1955 1147 2153 1213 vind.
2186 1147 2327 1211 edi-
2411 1216 2420 1225 .

256 1243 454 1309 tionis
480 1242 810 1331 peculiaris
837 1266 903 1331 p.
934 1264 1037 1326 14,
1068 1246 1260 1333 hujus
1289 1268 1355 1333 p.
1375 1248 1529 1331 548.
1555 1248 1654 1312 D:
1688 1268 1895 1332 nuper
1919 1246 2113 1311 etiam
2142 1270 2321 1335 quae-

257 1342 406 1409 darn
437 1344 795 1410 notavimus
823 1344 905 1408 ad
933 1345 1150 1411 Vitam
1178 1347 1442 1412 Davidis
1472 1347 1844 1413 Ruhnkenii
1869 1370 1936 1436 p.
1959 1368 2106 1436 294.

346 1471 413 1534 p.
438 1464 540 1534 25.
570 1451 656 1515 A.
701 1453 771 1525 ὥς
800 1448 917 1514 tiron
940 1450 1187 1539 χαίρων]
1241 1452 1463 1541 Odyff.
1491 1460 1571 1516 Δ.
1603 1473 1708 1541 93.

340 1567 445 1637 25.
475 1554 559 1618 A.
595 1550 772 1639 'Foco’
799 1552 853 1616 δῖ
880 1557 1105 1631 πολλὴν
1131 1552 1430 1641 odolawh]
1483 1554 1831 1620 Menandri
1868 1555 1995 1621 hoc
2031 1576 2161 1621 non
2200 1555 2322 1628 ali.-
2373 1560 2380 1581 ⁸

258 1654 455 1735 unde,
493 1655 669 1742 quod
706 1654 921 1735 sciam,
962 1655 1070 1719 nis:
1110 1654 1235 1720 hac
1278 1655 1597 1722 Plutarchi
1624 1656 1930 1725 citatione
1956 1658 2321 1746 cognitum,

254 1756 476 1821 retulit
510 1755 576 1819 in
616 1758 932 1842 Excerpta
958 1757 1149 1842 Trag.
1186 1770 1255 1821 et
1297 1756 1487 1822 Com.
1528 1757 1796 1822 Grotius
1837 1779 1907 1845 p.
1937 1774 1972 1844 7
1976 1774 2102 1844 551
2147 1758 2324 1824 unde

255 1856 551 1943 repetivit
576 1858 640 1922 J.
669 1855 957 1921 Clericus
984 1878 1051 1943 p.
1079 1859 1226 1938 264.

346 1974 453 2041 25.
484 1959 562 2023 Β.
606 1959 707 2036 Μῆ
738 1985 832 2041 μοι
873 1960 1195 2045 «strom—q
1247 1960 1615 2047 Euripidis
1596 1984 1662 2026 111
1692 1961 1932 2027 Medea
1958 1964 2109 2050 603.
2177 1964 2320 2028 Ha-

254 2060 369 2124 bet
417 2082 674 2146 quoque
716 2062 1011 2126 Stobaeus
1058 2062 1263 2131 Serm-
1294 2062 1475 2127 XCI.
1522 2085 1589 2149 p.
1616 2078 1766 2148 507.
1806 2062 2026 2129 addito
2062 2077 2130 2129 et
2164 2086 2321 2130 auc-

238 2159 412 2225 -toris
440 2175 508 2226 et
536 2160 768 2226 fabulae
799 2161 1082 2227 nomine.

340 2281 445 2346 25.
476 2263 554 2331 Β.
595 2260 673 2326 Τι’
696 2265 792 2340 τὴν
816 2260 1191 2350 τυραννίδ’-ἢ
1242 2262 1608 2349 Euripidis
1591 2286 1655 2327 m
1693 2262 1987 2329 Phoeniff.
2015 2278 2167 2350 552.

341 2377 445 2446 25.
477 2364 558 2428 C.
598 2367 709 2439 τοῖς
738 2362 1116 2451 Στωῖκοῖς--]
1149 2367 1423 2430 'Notum
1453 2367 1541 2430 est
1578 2367 1872 2431 Stoicum
1900 2368 2317 2454 paradoxum,

232 2464 619 2550 -Sapientem
656 2465 746 2530 nil
774 2463 883 2529 nifi
912 2464 1174 2530 virtutes
1202 2479 1270 2531 et
1294 2467 1487 2545 bona,
1522 2467 1928 2554 Infipientem
1957 2468 2048 2537 nil
2083 2468 2191 2533 nifi
2221 2470 2317 2532 vi-

238 2565 341 2630 ·tia
368 2579 437 2631 et
462 2565 629 2634 mala
656 2565 913 2632 habere.
957 2566 1126 2633 Vide
1144 2565 1226 2633 de
1250 2567 1683 2656 infipientibus
1708 2568 2087 2636 Ciceronem
2111 2569 2316 2636 Finib.

254 2670 372 2732 IV.
404 2687 516 2750 24·
566 2670 896 2735 Stobaeum
925 2672 1397 2760 Eclog.Etbic.
1428 2694 1497 2759 p.
1529 2674 1856 2760 178,179=
1905 2644 2317 2739 Plutarchum

251 2771 425 2859 Opp.
458 2774 630 2839 Mor.
675 2795 743 2860 p.
780 2775 966 2858 1076.
995 2776 1072 2839 B.
1143 2776 1319 2840 Nam
1360 2774 1444 2840 de
1486 2775 1783 2862 Sapiente
1821 2775 1997 2898 nulla
2031 2775 2163 2841 fere
2197 2796 2316 2864 pa-

246 2873 401 2960 gina
429 2887 630 2939 vacat.

338 2993 441 3058 25.
472 2975 551 3039 C.
596 2978 725 3039 Οὔκ
766 2972 834 3038 ἂν
873 2973 1195 3062 γίνοιτο-]
1256 2972 1640 3060 Euripidis
1622 2999 1689 3040 m
1732 2974 1951 3056 AEolo,
1997 2985 2073 3038 ut
2114 2971 2319 3039 edidit

250 3073 546 3138 Stobaeus
573 3075 1284 3160 Senn.xl.1.p.240.
1331 3073 1464 3138 solo
1494 3073 1814 3159 Euripidis
1842 3071 2102 3138 nomine
2133 3071 2326 3138 Plut-

242 3157 480 3239 archus
524 3175 699 3261 Opp.
743 3176 917 3250 Mor.
963 3197 1029 3262 p.
1070 3178 1222 3260 369.
1266 3174 1343 3238 Β.
1390 3187 1459 3238 et
1498 3190 1650 3262 474.
1689 3178 1776 3238 A.
1846 3171 2317 3276 Theophrastus

244 3279 617 3367 Metapbys.
648 3300 716 3367 p.
742 3281 889 3368 269.

336 3400 445 3467 25.
475 3385 565 3448 D.
598 3382 765 3448 Ἀνευ
790 3384 846 3448 83
871 3390 946 3448 τῦ
971 3383 1214 3467 ἀληθεῖς]
1266 3382 1440 3447 Citra
1480 3382 1817 3458 veritatem,
1862 3379 2093 3464 quod
2076 3402 2140 3443 m
2182 3381 2313 3444 La·

248 3483 385 3549 tina
426 3483 949 3570 interpretatione
987 3481 1288 3549 editionis
1319 3483 1506 3563 1624.
1541 3480 1689 3560 fuit,
1719 3478 2021 3568 quodque
2064 3477 2130 3542 in
2174 3478 2315 3544 aliis

244 3584 518 3650 aliorum
559 3584 744 3650 aliter
790 3583 1111 3650 redditum
1153 3584 1265 3665 est,
1313 3604 1535 3648 vereor
1579 3595 1655 3646 ut
1695 3601 1840 3645 vere
1891 3592 2314 3667 accurateque

246 3684 570 3750 redditum
607 3685 704 3750 fit.
767 3684 933 3749 Ἄνευ
959 3683 1337 3772 plerumque
1366 3683 1625 3771 quidem
1659 3680 2081 3769 privationem,
2111 3680 2218 3746 bic
2246 3693 2314 3746 et

242 3786 383 3851 aliis
410 3786 567 3853 locis
593 3788 1027 3876 acgjunfiionem
1053 3800 1267 3853 notat:
1314 3799 1390 3851 ut
1413 3785 1570 3850 item
1592 3783 1791 3871 χωρὶς,
1813 3792 2060 3870 prater.
2116 3781 2317 3871 Quod

248 3889 446 3977 vulgo
474 3892 687 3956 minus
715 3889 1240 3970 animadversum,
1267 3912 1397 3955 non
1425 3889 1540 3953 abs
1567 3909 1635 3951 re
1660 3884 1929 3965 videtur,
1959 3884 2066 3950 hic
2093 3884 2310 3951 decla-

246 4014 407 4056 rare.
480 3993 689 4080 Igitur
715 3991 910 4079 hujus
936 3991 1061 4074 loci
1089 3990 1299 4057 sensus
1340 3990 1469 4055 est:
1526 3989 1938 4076 Praeterquam
1972 4009 2113 4051 vero
2155 3987 2318 4074 quod

234 4094 418 4183 poe-’lis
452 4094 648 4158 utitur
685 4095 965 4172 veritate,
1021 4091 1277 4157 maxime
1324 4092 1515 4156 utitur
1567 4089 1863 4155 varietate
1903 4099 1961 4152 et
2000 4086 2314 4174 multiplici

240 4195 749 4260 commutationum
774 4194 1194 4282 viczffitudine.
1267 4193 1373 4260 Sic
1401 4193 1576 4279 Opp.
1606 4193 1781 4258 Mor.
1811 4211 1876 4278 p.
1906 4206 2012 4274 71.
2041 4189 2137 4254 Az
2182 4185 2311 4250 ἄνευ

242 4298 300 4360 δῖ
340 4302 434 4373 τῆς
472 4294 849 4383 ὕδρας-καὶ
872 4298 937 4360 τὸ
971 4302 1067 4373 τῆς
1102 4294 1305 4371 κακίας
1341 4293 1587 4368 midos
1615 4294 1907 4377 φιλόνεικον
1934 4288 2026 4370 καὶ
2050 4287 2305 4362 αὔθαδες·

236 4410 463 4486 prater
508 4396 896 4485 ignominiam
937 4397 1479 4486 vero-spedanda
1529 4393 1607 4484 ss
1657 4394 1800 4463 vitii
1851 4387 2209 4458 contumacia
2255 4399 2312 4454 ee

1240 4515 1437 4588 ³3.
