3067 5225
761 491 851 546 :32
918 475 1341 545 ANIMADVJ
1365 485 1459 544 IN
1490 487 1637 548 LIB.
1665 485 1774 544 DE
1804 483 2151 544 EDUCAT.
2183 472 2652 543 PUERORUM.

761 648 953 713 etiam
990 647 1054 711 in
1097 670 1171 712 ea
1213 646 1480 713 Critices
1517 660 1718 733 parte,
1747 666 1891 734 quae
1922 641 2076 734 quid
2111 645 2412 733 cujusque
2439 647 2511 710 fit
2543 643 2813 732 judicat,

758 753 838 824 L.
873 752 1165 816 Kusterus
1194 749 1273 813 ad
1301 750 1643 816 Jamblich.
1675 752 1758 814 V.
1793 753 1860 814 P.
1910 750 1973 831 ξ.
2006 767 2152 813 211.
2201 747 2491 812 nominat
2518 737 2817 811 azir-eolum

759 851 1046 916 libellum.
1134 854 1264 939 Qui
1308 875 1499 938 quam
1543 852 1615 916 fit
1657 850 1936 938 elegam,
1976 873 2166 937 quam
2195 850 2528 934 ‘aureolus,
2573 849 2830 913 videbi—-

758 973 925 1018 mus,
1015 955 1153 1017 Has
1195 939 1492 1039 equidem
1535 952 1594 1017 ei
1639 951 1857 1016 laudes
1904 974 2021 1017 nec
2070 952 2304 1031 tribue,
2351 973 2471 1014 nec
2517 948 2811 1028 invide03

757 1052 955 1119 modo
984 1076 1087 1134 ne,
1118 1054 1490 1139 pervulgato
1518 1073 1749 1134 errore,
1783 1054 2096 1117 tribuatur
2126 1052 2488 1117 Plutarcho.

844 1156 1048 1243 Cujus
1091 1177 1215 1241 ego
1259 1155 1484 1219 erroris
1527 1155 1762 1219 caussas
1804 1175 2116 1241 quaerenS,
2160 1177 2358 1219 unam
2399 1143 2825 1240 eamque‘ve-dt

743 1257 1074 1338 riffimam,
1118 1280 1263 1321 mea
1306 1257 1433 1342 ipse
1478 1258 1863 1344 experientia
1896 1257 2145 1335 dossus,
2183 1258 2348 1321 hanc
2391 1256 2616 1344 reperi.
2704 1257 2814 1320 Li·

757 1357 963 1423 bellus
1005 1358 1070 1422 in
1114 1360 1411 1423 omnibus
1441 1360 1746 1446 exemplis
1788 1360 1976 1426 editis
2019 1361 2296 1447 primum
2343 1360 2539 1424 habet
2574 1359 2813 1436 locum,

756 1460 998 1547 primus
1040 1459 1126 1524 est
1168 1460 1390 1525 ordine
1433 1476 1499 1525 et
1544 1484 1832 1527 numero,
1923 1463 2133 1549 Igitur
2155 1461 2429 1548 quisquis
2459 1460 2539 1524 ad
2569 1458 2814 1524 libellos

760 1560 1079 1626 Plutarchi
1108 1561 1388 1626 Morales
1417 1561 1685 1642 accedit,
1724 1562 1788 1625 in
1832 1562 2005 1627 hunc
2051 1561 2326 1648 primum
2364 1561 2611 1642 incidit,
2642 1560 2816 1624 hunc

756 1659 919 1750 legit
970 1681 1167 1727 novus
1215 1676 1281 1726 et
1329 1662 1557 1748 hospes
1606 1662 1671 1726 in
1715 1662 1918 1726 forma
1965 1677 2033 1726 et
2075 1664 2361 1727 oratione
2401 1661 2770 1727 Plutarchea
2794 1687 2834 1726 :-

756 1761 1069 1850 hujusque
1098 1763 1365 1835 sensum,
1397 1763 1436 1825 fi
1470 1763 1655 1840 forte,
1689 1764 1896 1850 postea
1924 1765 2185 1828 demum
2215 1762 2468 1850 legendi
2495 1762 2822 1850 progreffu

488 1867 503 1886 ’
626 1889 633 1894 ·
757 1864 1047 1950 colligit:
1092 1862 1455 1950 pauciffimi‚
1487 1862 1584 1927 vel
1612 1863 1817 1927 dicam
1849 1885 2065 1942 nemo,
2113 1864 2293 1927 finito
2335 1863 2654 1928 volumine
2682 1861 2832 1948 ejus

756 1961 1095 2031 leciionem
1127 1965 1435 2029 continuo
1476 1964 1732 2042 iterant,
1767 1964 1901 2050 jam
1944 1965 2223 2028 instructi
2260 1963 2340 2026 ad
2373 1962 2830 2050 judicandum,

754 2081 984 2155 utpote
1015 2081 1301 2131 recentes
1344 2087 1382 2127 a
1422 2064 1695 2127 lefflone
1732 2064 2033 2127 Auctoris
2069 2063 2325 2148 ejusque
2360 2065 2536 2128 sensu
2566 2063 2822 2128 imbuti.

757 2168 951 2254 Quod
980 2168 1020 2229 fi
1053 2166 1262 2251 plures
1293 2163 1600 2241 fecifl'ent,
1631 2163 1842 2249 plures
1868 2165 2043 2227 hunc
2071 2163 2356 2226 libellum
2387 2161 2513 2226 falfi
2543 2163 2830 2227 nominis

756 2266 1112 2352 suspectum
1156 2261 1530 2328 habuissent.
1619 2264 1839 2342 Nunc,
1884 2277 1961 2327 ut
2007 2264 2102 2344 fit,
2147 2261 2411 2327 evanido
2449 2277 2518 2328 et
2553 2264 2826 2350 refrige-

758 2379 898 2430 rato
942 2383 1056 2452 per
1098 2362 1401 2450 temporis
1443 2361 1713 2449 spatium
1758 2377 1825 2428 et
1866 2364 2131 2428 aliorum
2173 2363 2563 2450 Scriptorum
2591 2364 2826 2431 leecioa

758 2489 908 2532 nem
958 2463 1334 2532 Plutarcheo
1380 2463 1581 2544 sensu,
1631 2462 1900 2528 redeunt
1949 2465 2032 2529 ad
2081 2464 2489 2529 Plutarchum
2540 2466 2692 2530 item
2742 2481 2822 2533 ut

758 2567 967 2655 primo
1005 2565 1150 2631 novi
1186 2579 1254 2630 et
1297 2563 1598 2651 hospites,
1643 2577 1712 2629 et
1754 2565 1844 2629 nil
1872 2563 2216 2653 quidquam
2246 2564 2434 2652 spurii
2472 2567 2825 2655 aut·suspi··

759 2680 987 2731 cantur
1012 2680 1123 2730 aut
1144 2664 1450 2731 sentiunt.
1519 2667 1620 2729 Ita
1647 2687 1777 2730 non
1807 2666 2010 2730 solum
2037 2665 2288 2730 libellus
2319 2667 2416 2729 De
2446 2666 2822 2733 Educatione

758 2766 930 2852 apud
976 2765 1304 2853 plerosque
1343 2763 1567 2829 doctos
1605 2765 1898 2829 homines
1939 2766 2004 2828 in
2049 2750 2197 2829 i‘alsa
2235 2767 2626 2832 auctoritatis
2670 2771 2819 2854 pos-

760 2867 1015 2933 sessione
1055 2866 1316 2929 manfitt
1362 2864 1470 2928 sed
1509 2866 1876 2930 manserunt
1916 2865 2110 2929 etiam
2153 2866 2258 2930 alii
2297 2867 2465 2945 libri,
2504 2884 2571 2932 et
2608 2870 2824 2932 mania

758 2969 1020 3035 festioris
1049 2967 1282 3033 fraudis
1311 2968 1424 3047 illi,
1466 2980 1535 3031 et
1575 2968 1747 3053 apud
1785 2968 1998 3034 minus
2026 2969 2274 3051 doctos,
2307 2970 2501 3037 veluti
2530 2972 2631 3036 De
2658 2973 2820 3036 Phi-

759 3071 1117 3159 lqfhpborum
1151 3068 1422 3148 Placitis,
1458 3068 1558 3131 De
1593 3068 1742 3132 Wtis
1766 3068 1848 3132 X
1871 3071 2215 3150 Graiorum,
2253 3087 2320 3136 et
2353 3072 2820 3137 manifestiffimi

760 3174 890 3238 duo
932 3169 1417 3258 ineptiffimique
1458 3168 1701 3258 gemini
1744 3190 1832 3234 ex-
1864 3170 2086 3235 eadem
2123 3172 2358 3236 fraudis
2385 3166 2636 3238 officina
2662 3197 2816 3261 pro-

759 3276 900 3356 diti,
944 3271 1257 3339 Parallela
1295 3271 1515 3334 Graeca
1556 3284 1612 3334 et
1649 3270 1941 3350 Romana,
1985 3285 2050 3336 et
2081 3273 2180 3335 Do
2209 3274 2602 3338 Fluminibus.
2689 3275 2816 3339 Di-

760 3396 901 3440 cam
930 3372 1082 3461 quid
1113 3371 1270 3435 mihi
1297 3370 1623 3436 acciderit.
1714 3371 1956 3436 Primus
1977 3394 2072 3436 ex
2099 3374 2397 3439 omnibus
2426 3374 2817 3440 Plutarcheis

758 3474 932 3541 libris
958 3472 1116 3536 mihi
1145 3492 1344 3559 puero
1373 3472 1437 3535 in
1466 3493 1695 3536 manus
1731 3471 1955 3537 incidit
1988 3471 2092 3538 hic
2134 3473 2262 3559 ipse
2288 3475 2390 3539 De
2419 3475 2814 3556 Educatione,

760 3589 952 3661 atque
979 3572 1138 3637 adeo
1168 3572 1531 3657 exemplum
1567 3572 1863 3637 editionis
1906 3574 2306 3660 Heusingeri.
2395 3577 2523 3640 Hic
2553 3575 2617 3640 in
2645 3597 2818 3664 prae-

760 3676 1001 3740 fatione
1044 3676 1376 3738 Muretum
1417 3673 1749 3759 graviflimi
1794 3673 2016 3739 erroris
2060 3697 2238 3740 reum
2283 3673 2418 3763 agit
2459 3690 2549 3755 et,
2587 3693 2663 3742 ut
2705 3678 2820 3743 fibi

760 3775 1028 3851 videtur,
1059 3775 1373 3852 confutat,
1399 3772 1572 3859 quod
1600 3775 1781 3839 istum
1810 3774 2091 3841 libellum
2119 3776 2395 3863 spurium
2413 3777 2820 3865 judicaverit.

759 3877 1156 3944 Affentiebar
1196 3876 1631 3961 Heufingero:
1677 3891 1746 3941 et
1786 3876 1896 3941 diu
1937 3879 2147 3965 postea
2189 3879 2253 3942 in
2289 3878 2414 3944 hoc
2456 3881 2689 3967 perstiti
2717 3883 2820 3946 as-

760 3978 962 4057 sensu,
993 3974 1275 4062 quamvis
1319 3976 1385 4039 in
1425 3976 1622 4041 literis
1663 3990 1731 4042 et
1775 3977 2094 4047 Plutarchi
2123 3978 2398 4044 lefflone
2432 3983 2820 4067 progreffuS.

762 4081 889 4146 Sed
918 4068 1122 4144 ecce!
1171 4098 1282 4164 per
1322 4078 1671 4163 susceptam
1712 4079 1972 4145 editoris
2014 4081 2400 4166 provinciam
2443 4082 2683 4147 factum
2728 4087 2826 4150 est

758 4196 836 4248 ut
887 4178 1296 4246 Plutarchum
1347 4179 1573 4265 saepius
1625 4181 2019 4269 relegerem3
2093 4194 2169 4246 ut
2219 4188 2368 4247 eum
2415 4204 2605 4269 porro
2662 4207 2823 4251 cum

761 4281 1003 4369 scriptis
1038 4278 1363 4345 codicibus
1398 4280 1685 4349 conferre
1721 4282 2088 4367 inciperem,
2134 4305 2207 4347 ac
2233 4282 2593 4348 -secundum
2631 4285 2824 4349 codi-

762 4404 909 4449 cum
941 4381 1158 4461 seriem
1187 4380 1379 4461 alium
1409 4380 1704 4469 deinceps
1743 4396 1809 4451 et
1843 4383 2037 4459 alium
2075 4383 2309 4451 librum
2352 4385 2639 4453 conferre
2667 4408 2826 4473 per-
