3067 5225
539 475 652 542 IN
670 473 1218 543 'PLUTARCHI
1262 473 1552 542 OPERA
1589 461 2042 541 MORKLIA.
2083 457 2126 502 ‘⁴
2221 490 2311 546 ‚21

212 655 477 756 furem
510 658 734 733 videri
761 664 795 733 Ι
870 661 1008 735 Cui
1054 662 1268 735 alter:
1346 660 1534 753 Quid
1580 664 1656 734 ni
1706 664 1950 758 gestem
2003 663 2075 730 in
2117 672 2316 728 tanta

244 787 554 856 omnium
590 809 762 879 erga
791 787 1000 878 fieres
1036 788 1317 859 lenitate
1348 813 1434 858 ac
1474 788 1824 882 patientia
1852 785 1893 854 ἓ
1947 798 2022 855 at
2058 798 2157 867 tu,
2197 805 2311 852 cu·-

223 912 357 1003 jus
403 932 544 980 non
578 910 819 978 -mimcs
860 933 1066 1005 quam
1118 934 1338 982 meum
1377 915 1583 1005 patet
1612 911 1923 1002 furtum,
1970 919 2315 1002 praeterea

230 1053 520 1127 quoqne
562 1055 789 1101 vanu-5
837 1048 904 1102 et
954 1031 1249 1105 mendax
1302 1032 1674 1104 habeberis.
1801 1028 2021 1131 Quod
2072 1037 2309 1101 autem

242 1151 341 1223 ad
370 1153 627 1227 menda
661 1154 1154 1251 typographica
1203 1157 1452 1228 nostrae
1499 1154 1822 1226 editionis
1862 1152 2137 1238 attinet,
2171 1148 2311 1221 hoc

250 1285 482 1347 totum
540 1300 691 1348 non
746 1287 891 1348 tam
940 1302 1026 1350 ex
1078 1301 1153 1376 ise
1202 1289 1276 1350 et
1328 1279 1638 1366 veritate,
1684 1300 1895 1373 quam
1931 1275 2190 1358 estutia
2231 1282 2309 1344 e't

245 1396 627 1494 cupiditate
671 1399 981 1471 hominis
1029 1399 1386 1497 Lipfienfis
1424 1400 1670 1487 fertur,
1720 1400 1863 1497 qui,
1911 1398 2045 1472 hac
2076 1420 2306 1495 repre-

244 1518 577 1594 henfione
618 1524 694 1592 in
728 1521 934 1593 titulo
966 1524 1206 1619 postte,
1242 1523 1376 1597 suis
1409 1522 1742 1620 exemplis
1773 1533 2075 1595 emtores
2107 1543 2305 1616 quae-

226 1642 417 1716 -fivit.
546 1643 830 1716 Horum
882 1670 1107 1718 unum
1157 1645 1313 1718 casu
1362 1648 1437 1718 in
1485 1669 1680 1716 meas
1729 1667 1984 1714 manus
2016 1641 2303 1713 incidit:

238 1765 382 1838 vidi
410 1791 641 1862 panea
672 1768 833 1838 vitia
862 1767 1212 1840 con-reeta:
1265 1766 1404 1838 vidi
1452 1765 1663 1837 etiam
1703 1787 1926 1838 nova:
1979 1774 2052 1836 et
2084 1762 2304 1861 plura,

224 1890 526 1985 opinor,
558 1912 735 1962 nova
772 1889 1106 1979 vidifl'em,
1154 1889 1206 1960 fi
1256 1886 1577 1962 nauseam
1621 1886 1800 1960 ferre
1830 1886 2194 1983 potuiffem
2229 1887 2306 1958 in

236 2010 547 2108 legaedo
614 2023 755 2084 tam
812 2011 1059 2108 spurco
1115 2011 1626 2108 immundoque
1694 2008 2013 2107 exemplo
2073 2009 2303 2105 operis

238 2132 437 2230 quod
466 2133 637 2206 inde
681 2159 723 2205 a
766 2134 983 2233 longo
1021 2146 1338 2233 tempore
1384 2135 1461 2206 in
1508 2132 1941 2230 nitidioribus
1973 2144 2046 2206 et
2079 2155 2304 2229 nuper

246 2256 319 2327 in
370 2255 791 2328 nitidiffimis
841 2255 973 2330 illis
1018 2255 1529 2330 Oxonienfibus
1560 2253 1888 2352 exemplis
1935 2255 2168 2353 legere
2199 2255 2301 2328 ass-

242 2377 622 2452 sueveram.
725 2379 1071 2476 Lepidum
1105 2381 1203 2477 est
1234 2378 1427 2477 quod
1469 2378 1644 2451 mihi
1683 2388 1849 2449 ante
1881 2401 2138 2474 paueos
2167 2378 2304 2450 hos

238 2499 384 2573 ὤας
432 2500 692 2599 seripfit
740 2515 943 2576 vetus
991 2505 1065 2575 in
1115 2502 1344 2575 Gallia
1391 2502 1686 2589 amicuS‚
1735 2500 1953 2572 homo
2005 2498 2300 2572 doetus:

244 2624 620 2698 Plutarchi
655 2630 778 2715 tui,
813 2627 1063 2724 inquit,
1097 2629 1289 2699 nulla
1309 2628 1483 2721 sunt
1517 2624 1710 2722 apud
1737 2649 1857 2696 nos
1894 2622 2302 2722 Ooeoniensta

242 2751 559 2846 exempla
580 2761 873 2846 propter
904 2752 1336 2845 intere-leffium
1372 2764 1819 2821 commeatum
1848 2777 1873 2820 .·
1933 2747 2303 2846 Lipfienfia

242 2870 381 2942 vidi
407 2901 435 2944 .·
509 2870 661 2944 haec
706 2898 871 2944 vero
929 2872 1097 2945 adeo
1132 2874 1308 2967 sunt
1348 2871 1683 2969 squalida
1739 2886 1807 2943 et
1861 2869 2168 2961 horrida,
2217 2886 2300 2947 ut
2453 2890 2460 2897 ’

244 3018 433 3066 nemo
468 2992 691 3084 homo,
724 2996 852 3094 nifi
866 2994 1222 3092 stomacho
1255 2998 1591 3092 oculisque
1622 2993 1963 3090 praeditus
2001 2991 2300 3069 Germa-

246 3120 437 3206 nicis,
500 3144 588 3189 ea
634 3120 995 3215 perlegere
1029 3098 1383 3215 fiestineot.
1484 3116 1839 3216 Equidem
1899 3113 2301 3211 hujusmodi

248 3239 637 3313 stomachos
684 3240 1058 3338 oculosque
1102 3242 1336 3331 laud0‚
1371 3265 1550 3339 quos
1593 3239 1840 3314 inculti
1890 3249 1964 3311 et
2005 3237 2302 3335 agrestes

245 3361 521 3435 istarum
553 3362 999 3437 officinarum
1033 3364 1251 3438 foetus
1272 3390 1327 3436 ἐ
1356 3364 1669 3462 legendis
1700 3361 1903 3433 bonis
1929 3358 2123 3433 libris
2151 3383 2302 3433 non

240 3483 632 3559 deterrent:
684 3486 1089 3585 bibliopolas
1134 3485 1589 3585 reprehendO,
1623 3484 1768 3581 qui,
1819 3482 1991 3556 lucri
2032 3482 2300 3580 cupidi-

247 3619 387 3680 tate
412 3608 613 3682 (1υόὶί
618 3664 642 3698 ,
676 3634 821 3682 non
854 3610 1211 3707 aliquanto
1242 3609 1648 3707 diligentius
1677 3605 2133 3680 studiosorum
2167 3606 2300 3679 ho-

248 3732 522 3804 minum
557 3730 861 3805 senfibus
890 3733 1287 3807 emsulunt.
1378 3732 1738 3804 Caeterum
1771 3729 2118 3805 affirmare
2146 3727 2300 3827 pos-

248 3850 419 3941 sum,
458 3878 575 3925 me
607 3853 839 3928 adhuc
870 3857 945 3928 in
977 3855 1355 3929 Oxonienfi
1390 3854 1655 3927 Graeco
1689 3865 2022 3927 contextu
2057 3863 2130 3925 et
2158 3852 2297 3925 La-

246 3974 391 4046 tina
416 3976 750 4065 versione,
785 3989 911 4050 aut
944 3978 1140 4051 nulla
1178 3989 1301 4050 aut
1347 3976 1752 4075 paueiffima
1781 3976 2100 4072 reperiffe
2130 3998 2297 4071 ope-

222 4119 472 4171 -rarum
532 4100 750 4173 vitia:
803 4125 1030 4174 unum
1084 4100 1522 4197 alterumque
1573 4102 1647 4173 in
1704 4096 2301 4175 Annotationibus

236 4230 316 4290 et
360 4218 825 4295 Praefatione:
880 4224 999 4297 vix
1043 4248 1269 4297 unum
1319 4234 1394 4295 et
1441 4222 1739 4296 alterum
1789 4220 1982 4318 quod
2031 4215 2298 4290 sensum

244 4342 501 4434 nubet,
546 4368 687 4419 nec
737 4345 934 4420 facile
979 4350 1067 4445 ab
1112 4346 1402 4420 homine
1433 4344 1874 4420 mediocriter
1903 4340 2114 4417 dodo
2133 4362 2299 4417 eor·-

1241 4491 1285 4541 c
1323 4479 1366 4541 3
