3067 5225
508 431 615 498 IN
658 428 1178 498 PLUTARcm
1220 429 2013 499 OPERA-MORALIA.
2248 462 2290 527 5

218 615 512 713 quando
563 639 741 715 opus
796 616 935 689 esse
988 617 1355 705 videbitur,
1415 618 1753 717 explicare
1805 609 1962 694 non'
1998 611 2282 695 omitte-

220 764 402 811 mus,
506 738 709 837 Ergo
750 739 1168 838 relinquitur
1210 741 1412 815 nobis
1457 742 1530 813 in
1565 766 1707 838 qua
1751 753 1875 814 aut
1922 745 2127 817 unice
2160 757 2283 817 aut

218 861 659 958 potifflmum
693 859 1057 951 versemur,
1096 863 1587 959 Inter-precatio
1608 865 2015 963 fingularis.

342 983 390 1055 J
394 1009 506 1055 am
559 995 789 1081 partes
836 986 1087 1058 nostrae
1134 987 1208 1058 in
1255 985 1773 1083 interpretando
1805 979 1969 1084 quae'
2012 988 2151 1061 fint
2193 979 2279 1063 ut

202 1101 427 1207 justae
457 1106 858 1203 debitaeque
888 1108 1271 1205 exigendae,
1314 1110 1598 1181 uberius
1630 1112 2119 1206 exponendum
2154 1114 2273 1185 est.

215 1228 600 1301 Materiam
669 1228 1260 1326 Interpretationis
1323 1231 1674 1328 duplicem
1741 1232 2044 1306 diximus
2110 1234 2271 1327 effiz,

217 1351 481 1423 Rerum
533 1363 609 1423 et
676 1350 1076 1424 Verborum.
1176 1354 1325 1426 Hae
1377 1351 1733 1451 implioitae
1776 1356 2058 1452 quidem
2113 1357 2273 1432 sunt

215 1473 429 1546 altera
478 1473 698 1561 alteri,
752 1475 943 1571 quod
986 1476 1196 1549 verba
1241 1475 1386 1548 fine
1426 1479 1634 1551 rebus
1679 1479 1816 1550 effe
1861 1492 2269 1577 nequeunt:

215 1609 529 1669 attamen
578 1597 849 1669 ratione
894 1598 1194 1694 quadam
1243 1596 1368 1702 disj
1381 1601 1641 1685 une‘tae,
1689 1612 1880 1668 certe
1917 1626 2064 1669 non
2100 1624 2272 1673 con-

218 1718 600 1792 fundendae
649 1743 691 1791 a
729 1720 916 1793 bono
966 1721 1373 1816 Interprete.
1479 1718 1567 1789 In
1620 1716 1995 1793 Verborum
2045 1720 2271 1795 Inter-

216 1844 610 1937 pretatione
662 1854 795 1914 tres
848 1851 1237 1914 cernuntur
1288 1839 1562 1938 partem
1616 1841 1947 1937 primum,
2001 1842 2273 1941 fingula

214 1964 471 2036 verba:
544 1962 814 2052 deinde,
872 1963 1212 2036 diffiones
1269 1974 1342 2035 et
1397 1961 1717 2061 phrases:
1788 1975 1968 2054 tum,
2030 1989 2269 2046 earum

215 2086 642 2185 oompofitiO,
689 2087 829 2175 seu,
875 2110 1097 2159 nexus
1124 2085 1686 2160 soonffiuffionis.
1788 2086 1929 2159 Res
1978 2113 2268 2186 genera-

216 2212 337 2282 tim
374 2210 541 2282 sunt
571 2209 679 2281 vel
710 2213 908 2306 fabli
936 2209 1043 2282 vel
1074 2212 1462 2305 sententiae,
1495 2221 1579 2282 ut
1607 2208 1823 2306 vulgo
1857 2210 2265 2309 loquuntur,

212 2334 311 2406 vel
357 2332 697 2430 historicae
737 2333 849 2405 vel
901 2332 1327 2428 dogmaticae.
1432 2332 1575 2404 Res
1622 2331 1986 2422 historicae,
2038 2334 2167 2406 nifi
2215 2335 2269 2407 fi

210 2454 335 2529 fint
367 2453 822 2554 pervulgatae,
857 2454 1197 2528 haetenus
1226 2454 1609 2528 traaandae
1642 2449 1805 2526 sunt
1836 2466 1920 2526 ut
1952 2469 2271 2553 appareat

212 2590 278 2651 et
306 2603 525 2678 quem
563 2576 954 2652 Aufiorem
998 2588 1075 2650 et
1119 2589 1450 2676 quantam
1500 2575 1982 2651 audior-itatem
2016 2579 2264 2653 fidem-

212 2727 343 2799 que
376 2702 712 2775 habeant.
805 2702 1321 2775 Sententiarum
1358 2712 1501 2773 tam
1539 2700 1700 2774 sunt
1731 2700 1954 2775 multa
1982 2727 2263 2801 genera,

212 2838 285 2896 ut
334 2850 421 2897 m
464 2848 873 2898 enumerare
922 2824 1278 2898 infinitum
1325 2824 1434 2896 fit.
1539 2825 1723 2897 Sunt
1765 2823 1880 2897 vel
1924 2834 2262 2922 propriae,

210 2946 413 3043 ipfius
470 2960 663 3020 natae
720 2946 1049 3020 Auetoris
1105 2946 1414 3045 ingenio,
1476 2945 1586 3018 vel
1646 2950 1913 3037 alienae,
1977 2972 2064 3021 ex
2119 2949 2267 3021 aliis

207 3069 636 3142 Aueioribus
698 3071 987 3167 petitae.
1055 3069 1342 3143 illustres
1393 3067 1640 3158 forma,
1678 3070 2059 3142 reconditae
2111 3095 2265 3142 ma-

208 3192 375 3265 teria
404 3219 425 3264 ε
476 3192 587 3264 vel
623 3192 710 3264 ad
744 3191 1264 3291 intelligentiam
1298 3204 1375 3264 et
1415 3193 1805 3290 ingenium,
1851 3192 1961 3265 vel
2015 3191 2105 3261 ad
2149 3215 2265 3263 ac-

206 3316 469 3388 timem
514 3324 591 3387 et
635 3316 980 3402 animum,
1022 3316 1417 3411 pertinent.
1470 3314 1585 3386 vel
1625 3337 1668 3384 e
1709 3315 1854 3386 vita
1898 3314 2264 3386 communi

202 3436 557 3535 susceptae,
614 3436 726 3509 vel
791 3460 835 3509 e
898 3436 1233 3510 doetrnnis
1289 3436 1608 3508 affumtae
1672 3444 1747 3505 et
1802 3431 2261 3534 Philosophia,

201 3560 521 3649 moraleS,
558 3557 885 3657 phyficae,
920 3557 1325 3631 dialefficae.
1393 3556 1686 3630 Nullius
1719 3580 1865 3661 non
1898 3556 2260 3632 sententiaa

200 3681 297 3754 vis
329 3707 417 3754 ac
449 3683 772 3779 potestaS,
819 3681 872 3753 fi
917 3681 1126 3779 paulo
1161 3679 1365 3752 altius
1397 3680 1631 3751 abdita
1660 3678 1895 3769 lateat,
1930 3679 2261 3778 patefaci-

198 3805 379 3877 enda
424 3804 551 3876 est.
650 3803 910 3876 Placita
940 3801 1401 3900 Philosophiae
1434 3800 1801 3900 diligenter
1833 3802 2258 3900 explicanda,

194 3926 573 4023 praesertim
610 3926 684 3999 in
730 3924 1132 4014 Plutarcho,
1166 3926 1288 4022 qui
1321 3926 1505 3997 inter
1534 3926 1897 4024 primarios
1928 3925 2259 3999 Historiae

194 4046 701 4146 Philosophicae
752 4046 984 4120 fontes
1030 4047 1371 4135 censetur,
1428 4048 1500 4119 in
1563 4071 1790 4144 eoque
1837 4060 2260 4146 argumento

190 4171 371 4245 adeo
414 4172 513 4245 est
555 4169 890 4267 stequens
935 4181 1022 4244 ut
1070 4169 1214 4242 fine
1263 4166 1417 4272 ejus
1464 4169 1923 4266 explicatione
1969 4167 2262 4265 intelligi

192 4295 487 4369 annino
540 4303 879 4391 nequeat.
976 4293 1236 4392 Neque
1286 4316 1449 4366 vero
1500 4293 1709 4367 rebus
1765 4292 1988 4388 magis
2045 4312 2260 4388 quam

1194 4437 1238 4488 a
1276 4425 1319 4489 3
