3067 5225
670 412 751 476 16
1067 403 1157 476 DL
1185 410 1305 476 W.
1336 399 1804 476 PRAEFATIO
1846 405 2315 477 ANIMADV.
2355 449 2364 456 ,

666 617 949 669 manam
1005 605 1359 682 naturam,
1412 619 1577 693 quae
1631 593 1831 666 illurn
1884 594 2260 692 sapientem
2311 619 2456 672 non
2508 595 2716 695 capit'.

664 716 857 804 Nos,
902 720 1024 814 qui
1076 741 1223 790 non
1275 717 1515 791 sumus
1569 717 1922 814 sapienteS,
1971 716 2203 789 medio
2239 719 2420 789 inter
2458 717 2720 815 sapien·

664 840 836 910 tiam
870 850 944 912 et
975 839 1331 913 fortunam
1363 839 1715 911 versamur
1744 838 1919 911 1000.
2020 835 2350 912 Multum
2396 842 2469 912 in
2513 841 2722 914 rebus

660 962 907 1033 nostris
936 961 1115 1033 valet
1147 961 1460 1034 fortuna:
1511 960 1670 1059 plus
1704 962 1914 1032 etiarn
1950 961 2277 1059 sapientia
2307 961 2530 1036 valere
2560 974 2718 1060 pot-

661 1084 783 1170 est,
832 1083 884 1153 fi
932 1085 997 1155 ei
1045 1107 1407 1181 pareamus
1454 1094 1539 1157 ut
1581 1085 2056 1181 gubernatori,
2104 1083 2390 1157 fortuna
2433 1097 2720 1158 utamur

520 1245 533 1252 -
661 1215 746 1277 ut
797 1207 1042 1278 ventis.
1164 1206 1263 1278 Et
1314 1206 1458 1279 huc
1516 1206 1678 1278 sane
1727 1203 1906 1278 redit
1958 1218 2106 1278 tota
2158 1205 2614 1308 Philosophia,
2666 1206 2719 1280 fi

660 1325 947 1423 quidem
1000 1328 1189 1401 recte
1239 1322 1350 1399 ab'
1380 1327 1534 1425 ipfis
1585 1329 1839 1401 Stoicis
1897 1316 2104 1423 τέχνη
2161 1321 2326 1418 fila,
2366 1332 2531 1401 vitae
2548 1371 2558 1378 -
2574 1355 2717 1420 ars,

661 1448 1021 1524 definitur.·
1434 1492 1443 1498 ³
2447 1441 2450 1444 ¹

783 1572 925 1655 Sed
975 1573 1144 1670 quid
1196 1573 1357 1645 haec
1405 1572 1775 1671 disputatio
1825 1573 1914 1646 ad
1969 1576 2279 1648 nostrum
2339 1560 2716 1673 argumenss

662 1694 871 1766 tum?
923 1695 1106 1766 Sane
1156 1694 1489 1767 multum.
1587 1696 1783 1769 Nam
1834 1698 1957 1794 qui
2010 1699 2100 1770 ab
2150 1699 2539 1795 Interprete
2581 1697 2719 1770 tale

658 1816 830 1910 quid
861 1816 1187 1913 postulat,
1206 1831 1298 1889 ‘ut
1322 1817 1419 1889 nil
1454 1842 1808 1914 perperam
1838 1818 2127 1908 fae'tum,
2157 1821 2253 1891 nil
2289 1819 2716 1917 neglectum,

656 1949 1094 2035 opportunus
1141 1940 1433 2010 aliorum
1483 1939 1882 2011 Auctorum
1935 1939 2131 2011 locus
2163 1940 2397 2012 nullus
2428 1942 2715 2012 omissus

654 2039 1211 2156 deprehendatur
1238 2087 1259 2130 ι
1333 2060 1451 2129 hic
1515 2059 1831 2157 profecto
1894 2059 2352 2158 Interpretem
2408 2061 2562 2135 vult
2625 2064 2715 2136 ab

648 2181 851 2252 omni
899 2180 1207 2254 fortunae
1251 2180 1566 2254 dominio
1609 2181 1900 2254 liberum
1936 2194 2011 2254 et
2060 2184 2474 2272 immunem,
2509 2183 2715 2281 plane

653 2301 1045 2401 perfectum
1112 2302 1481 2400 sapientem
1538 2303 1624 2375 ad
1682 2305 2077 2377 Stoicorum
2149 2329 2494 2378 normam.
2594 2295 2715 2379 Ad

652 2449 867 2524 quam
901 2426 1130 2523 legem
1163 2437 1236 2497 et
1273 2426 1747 2498 conditionem
1785 2426 1837 2498 fi
1869 2428 2285 2525 Interpretes
2318 2427 2522 2500 semel
2555 2430 2713 2501 red-

653 2549 957 2646 igantur,
1017 2547 1179 2645 quis
1236 2546 1518 2621 tandem
1571 2548 1905 2640 mortalis,
1958 2552 2277 2648 quamvis
2336 2550 2589 2625 doctus
2635 2564 2710 2624 et

536 2728 549 2735 -
652 2669 1070 2767 ingeniosuS,
1122 2671 1526 2767 Interpretis
1548 2722 1554 2733 -
1575 2674 2002 2769 provinciam
2038 2673 2365 2773 suscipere
2408 2666 2706 2747 audeat?

651 2792 825 2864 Hoc
889 2791 1062 2865 illud
1129 2792 1229 2867 est
1286 2788 1500 2890 quod'
1545 2818 1885 2892 magnum
1954 2796 2560 2870 Hemsterhufium
2599 2786 2707 2869 'ab

648 2913 935 2988 edendis
973 2914 1281 3012 antiquis
1326 2916 1757 2990 Auctoribus
1793 2916 2172 2991 deterruit:
2226 2920 2443 3016 quod,
2492 2930 2575 2992 ut
2618 2919 2712 2991 de

647 3059 739 3111 eo
778 3036 1007 3135 prodit
1053 3038 1528 3110 Ruhnkenius
1545 3043 1599 3127 ⁰,
1653 3045 1704 3079 “
1734 3039 1959 3129 Nihil,
1995 3041 2117 3113 nifi
2155 3042 2348 3138 quod
2379 3042 2713 3116 omnibus

651 3166 701 3200 ‘⁶
735 3160 1046 3233 numeris
1097 3160 1450 3257 expletum
1480 3159 1698 3251 estet,
1747 3187 1790 3234 a
1840 3163 1908 3235 se
1956 3164 2143 3235 exire
2190 3163 2434 3237 vellet:
2489 3165 2703 3262 quod,

648 3287 702 3323 “
735 3306 1259 3380 quamcumque
1311 3308 1458 3356 rem
1513 3284 1946 3358 tractandam
2000 3285 2355 3375 sumfiffet,
2403 3311 2561 3360 earn
2611 3289 2709 3362 ita

650 3409 701 3445 “
732 3415 1059 3477 excutere
1090 3417 1165 3477 et
1211 3430 1379 3478 cum
1430 3406 1807 3504 pulvisculo
1837 3408 2202 3480 exhaurire
2234 3408 2559 3498 studeret,
2595 3420 2704 3497 ut,

649 3530 700 3565 ‘⁶
732 3527 855 3621 qui
922 3525 1201 3621 posthac
1257 3529 1442 3600 idem
1499 3553 1708 3626 agere
1765 3530 2175 3625 institueret,
2237 3554 2524 3604 omnem
2580 3532 2704 3604 fibi

647 3654 699 3688 “
732 3648 1092 3719 materiam
1127 3662 1539 3746 praereptam
1573 3650 1930 3724 fateretur.
1995 3653 2277 3753 Quibus
2307 3653 2396 3725 de
2428 3652 2700 3743 caufli8‚

645 3774 698 3810 “
731 3771 1090 3843 memoriae
1124 3768 1289 3859 suae,
1323 3771 1648 3846 fidiflimo
1679 3775 2114 3871 caeteroquin
2156 3777 2502 3863 omnium,
2537 3800 2705 3872 quae

645 3895 698 3931 ‘⁶
730 3889 934 3963 semel
991 3890 1259 3990 legiss'et
1310 3894 1708 3983 audiffetve,
1768 3896 2035 3968 custodi
2081 3896 2267 3969 irasci
2318 3896 2597 3985 solebat,
2648 3898 2702 3985 fi

644 4019 694 4053 “
728 4012 833 4084 vel
868 4011 1018 4086 leve
1048 4014 1404 4110 quiddam,
1441 4018 1634 4113 quod
1665 4017 1913 4091 eodem
1954 4022 2358 4115 pertineret,
2392 4019 2514 4092 fibi
2548 4022 2702 4117 post

643 4139 692 4175 “
722 4135 992 4210 editum
1028 4136 1283 4210 librum
1321 4138 1845 4235 suppeditaret.'’
1945 4143 2152 4238 Saepe
2183 4144 2396 4215 etiarn
2429 4143 2703 4214 accide-

1146 4292 1173 4357 32
1210 4286 1373 4364 Elog.
1400 4286 1532 4349 Tib.
1561 4288 1980 4361 Hemfierhnfii,
2009 4310 2068 4368 p.
2091 4291 2191 4369 65.
