3067 5225
740 453 818 517 18
1136 445 1231 513 D.
1257 445 1379 513 W.
1411 443 1886 514 PRAEFATIO
1926 442 2395 511 ANJMADV.

736 636 1054 709 humano
1102 643 1176 705 et
1215 644 1427 730 captu
1476 642 1549 703 et
1599 633 1768 704 vitae
1815 629 2029 728 spatio
2072 629 2500 726 concepifl‘e:
2553 652 2798 703 meum

739 757 1163 856 propositum
1228 778 1314 827 ex
1370 753 1484 827 illa
1542 753 2028 853 magnitudine
2092 754 2168 826 in
2234 752 2560 825 arctiores
2622 751 2802 825 fines

740 880 1002 978 redegi.
1104 879 1354 976 Itaque
1398 879 1539 951 hoc
1585 890 1974 967 teneamus»,
2033 876 2272 949 nostro
2330 899 2462 949 nos
2509 873 2802 949 modulo

745 1004 1145 1076 metiamur.
1273 1000 1396 1075 Ne
1428 1000 1778 1099 speremus
1811 1024 1941 1074 nos
1975 1022 2261 1073 omnem
2313 996 2536 1072 futuri
2586 1000 2801 1072 inter-
2921 997 2929 1008 ’

746 1127 960 1223 pretis
992 1148 1272 1222 operam
1305 1126 1672 1222 occupasse
1700 1149 1783 1196 ac
1815 1123 2384 1222 supervacaneam
2417 1120 2802 1195 reddidifle.

744 1249 851 1322 'At
896 1248 1246 1346 speremus
1281 1271 1566 1345 operam
1606 1248 1910 1321 nostram
1944 1248 2387 1320 inventuram
2421 1267 2665 1343 aequos
2695 1244 2805 1315 in-

749 1369 1274 1469 telligentesque
1317 1370 1618 1466 judices,
1668 1370 1792 1468 qui
1836 1393 1992 1443 eam
2042 1393 2129 1443 ex
2176 1372 2438 1465 majore
2483 1366 2811 1442 censeant

749 1504 967 1591 parte,
1011 1516 1275 1566 errores
1324 1494 1592 1566 nostros
1634 1518 1803 1567 cum
1854 1492 2043 1566 recle
2090 1490 2291 1566 factis
2334 1490 2808 1590 compensent,

750 1615 913 1690 haec
943 1616 1176 1714 potius
1207 1614 1396 1688 laudi
1431 1640 1648 1711 quam
1681 1615 1832 1690 illos
1862 1616 2032 1689 vitio
2064 1616 2267 1688 nobis
2296 1625 2593 1689 vertant.
2866 1618 2872 1623 ’

872 1736 1040 1812 Hac
1070 1761 1208 1836 ego
1249 1736 1363 1835 spe
1411 1737 1634 1811 fretus
1672 1762 1914 1812 meum
1958 1739 2189 1812 adhuc
2221 1739 2352 1811 iter
2385 1738 2625 1812 tenui:
2676 1759 2813 1808 nec

753 1884 873 1934 me
921 1859 1216 1933 aliorum
1266 1859 1699 1936 festinatione
1737 1860 1876 1960 ipse
1926 1861 2015 1934 ad
2062 1860 2527 1938 festinandum
2572 1857 2814 1934 induci

753 1981 982 2081 paffus
1029 1981 1373 2080 sum,-qui
1420 1985 1705 2071 interea,
1752 1982 1929 2055 dum
1960 2007 2097 2081 ego
2138 2006 2378 2054 meum
2423 2005 2603 2079 opus
2647 2004 2814 2081 age-

755 2129 930 2191 rem,
965 2103 1079 2176 vel
1115 2103 1332 2175 totius
1363 2102 1712 2191 editionis,
1748 2102 1860 2179 vel-
1904 2102 2331 2202 smgularum
2381 2101 2818 2176 animadver-

753 2225 1027 2298 fionum
1122 2224 1297 2298 mihi
1382 2224 1658 2298 laudem
1742 2226 2268 2323 novitatemque
2344 2224 2813 2323 praeriperent.

756 2347 1054 2424 Neutris
1105 2345 1291 2420 irasci
1333 2345 1598 2421 debeo:
1648 2346 1800 2439 illis,
1854 2347 2021 2447 quia
2057 2347 2158 2421 nil
2202 2347 2328 2420 nifi
2374 2347 2560 2420 idem
2605 2358 2819 2445 atque

646 2481 661 2494 '
758 2495 895 2570 ego
946 2469 1241 2544 stadium
1300 2468 1602 2570 ing-resti,
1655 2470 1861 2546 cursu
1907 2495 2027 2544 me
2074 2480 2631 2569 praeverterunt:
2683 2469 2817 2557 his,

758 2592 923 2691 quia
952 2591 1201 2666 eodem
1249 2591 1388 2691 ipse
1416 2591 1806 2669 adolescens
1836 2595 2090 2670 morbo
2120 2593 2442 2668 laboravi.
2540 2590 2672 2667 Illa
2687 2575 2698 2589 Ι
2716 2618 2818 2677 aeff

761 2724 909 2790 tate
959 2714 1249 2797 subinde
1304 2715 1609 2790 Critioos
1663 2715 1931 2792 libellos
1980 2717 2185 2795 edere
2239 2717 2655 2816 gestiebarm
2726 2738 2820 2790 ne

759 2835 1016 2912 scilicet
1073 2838 1698 2915 animadversiones
1754 2840 2030 2939 publiea
2082 2838 2266 2930 luce,
2319 2850 2404 2913 ut
2457 2840 2820 2937 putabam,

761 2959 1033 3059 dignas,
1080 2959 1457 3058 praesertim
1521 2963 1598 3035 in
1655 2963 1847 3037 locos
1897 2988 1942 3036 a
1993 2961 2194 3041 claris
2240 2963 2520 3036 Criticis
2575 2958 2825 3035 frustra

762 3094 1095 3173 tentatos,
1162 3085 1238 3156 in
1302 3084 1607 3158 tenebris
1668 3087 2130 3161 continerem.
2256 3087 2497 3187 Quem
2573 3107 2820 3157 meum

762 3205 1091 3281 morbum
1123 3220 1200 3279 et
1231 3208 1572 3281 maturior
1609 3219 1783 3283 aetas
1823 3208 2108 3298 sanavit,
2140 3221 2214 3281 et
2250 3207 2664 3281 Ruhnkenii
2697 3205 2821 3279 ad-

763 3331 1082 3403 monitio.
1184 3330 1331 3402 Hic
1374 3354 1618 3403 meum
1650 3332 1961 3406 studium
2009 3331 2097 3404 ab
2149 3330 2521 3405 istiusmodi
2553 3328 2824 3405 libello-

762 3474 924 3523 rum
980 3450 1291 3524 editione
1339 3454 1427 3525 ad
1484 3452 1946 3529 Plutarchum
1999 3464 2439 3542 convertens,
2495 3453 2634 3525 His
2687 3454 2824 3525 tuis
2917 3510 2922 3513 .

764 3570 1366 3664 emendationibus,
1400 3576 1653 3665 aiebat,
1689 3574 1911 3650 locum
1945 3575 2316 3676 aliquando
2350 3577 2543 3651 dahis
2577 3579 2649 3649 in
2681 3574 2827 3647 edi-

770 3695 950 3766 tione
1008 3708 1285 3790 operum
1343 3696 1734 3770 Plutarchi.
1840 3698 1978 3772 Cui
2031 3723 2213 3798 ego:
2299 3698 2484 3789 Quid
2535 3723 2721 3787 vero,
2750 3694 2828 3796 fi

770 3818 920 3912 quis
948 3818 1104 3889 illas
1135 3818 1304 3889 mila·
1329 3822 1590 3892 interea
1617 3824 2001 3918 praeripit?
2049 3822 2248 3894 Tum
2280 3821 2424 3895 ille:
2477 3821 2827 3917 Pauperis

770 3941 861 4034 ⁴?st
891 3963 1256 4011 numerare
1274 3954 1488 4037 pecus
1515 3973 1539 4012 .-
1592 3961 1658 4014 et
1690 3947 1800 4016 vel
1832 3957 2227 4042 praereptas
2257 3961 2332 4018 tu
2363 3960 2439 4017 ut
2477 3960 2635 4017 mas
2659 3956 2830 4039 pro·

773 4059 888 4132 des
921 4061 1449 4136 emendationes:
1491 4082 1694 4154 certe,
1718 4069 2005 4164 praestat
2030 4093 2358 4164 magnum
2391 4078 2559 4163 opus
2592 4090 2851 4162 agere,-

772 4209 983 4279 quam
1016 4186 1089 4256 in
1122 4186 1373 4258 levibus
1405 4189 1735 4282 opusculis
1769 4204 2031 4286 tempus
2051 4188 2366 4286 perdere.
2417 4188 2612 4288 Ergo
2643 4188 2828 4286 'post-

771 4328 876 4393 ea,
932 4330 1161 4403 neque
1210 4308 1285 4382 in
1334 4309 1764 4397 Bibliotheca
1802 4311 2086 4403 Critica,
2137 4312 2261 4389 ubi
2305 4311 2520 4409 hujus
2565 4311 2831 4409 negotii

734 5124 801 5141 *¹*-
880 5130 1023 5144 -ι-ιι
1054 5122 1197 5144 ‘—'
1232 5128 1303 5145 —n
1330 5120 1932 5148 ῌῙΙ--ρ--ῌ
1989 5140 2100 5147 -.....-..
2125 5140 2298 5147 ..-.-..-.-
2321 5142 2410 5147 --ΗΛ
2453 5142 2502 5147 -ι
