3067 5225
822 527 903 589 66
1046 527 1123 586 D.
1148 526 1252 586 W.
1292 523 2079 586 ANIMADVERSIONES
2119 524 2216 585 IN
2257 520 2670 585 LIBELLUM

807 679 1055 778 ⁷Quinti
1099 686 1309 753 fratris
1362 653 1771 773 πεπαιδευμένοι
1819 692 1919 753 ὑπὸ
1962 698 2060 754 τοῦ
2103 687 2406 777 Κικέρωνος
2453 692 2507 753 ἐν
2539 669 2885 776 ,γράμμασιν

824 793 1144 880 ἐλευθερίοις
1173 792 1267 873 καὶ
1291 794 1617 876 μαθήμασι.
1704 793 2007 859 Aristides
2032 796 2111 859 T.
2138 795 2228 858 II.
2259 816 2326 881 p.
2344 804 2498 876 414.
2536 793 2659 866 τοὺς
2686 792 2769 855 δι’)
2793 796 2887 869 τῆς

824 894 1104 982 ἐλευθερῶ
1128 894 1394 969 παιδείας.
1447 897 1747 983 Quatuor
1767 897 2087 979 μαθήματα
2114 894 2400 984 ἐλευθέρια
2426 892 2600 982 apud
2628 893 2890 959 Graecoe
3029 889 3051 914 ⁶

824 995 1259 1084 frequentata,
1316 995 1580 1075 LiteraS,
1644 995 2103 1083 Gymnqllicam,
2163 995 2484 1082 Mzficam,
2545 993 2892 1074 Ρὶἑῖονὶαιιι,

826 1096 1198 1162 monuimus
1242 1096 1307 1162 in
1344 1096 1794 1184 Disputatione
1836 1097 1919 1163 de
1958 1098 2220 1164 auctore
2257 1097 2453 1185 hujus
2485 1093 2684 1162 libelli
2721 1095 2889 1162 Se&-

827 1201 917 1264 ῙῙ.
963 1201 1130 1265 Part.
1162 1201 1215 1264 1.
1265 1199 1426 1287 Cap.
1455 1202 1507 1264 1.
1549 1201 1610 1283 ξ.
1641 1220 1718 1266 2:
1766 1223 1912 1288 quae
1947 1200 2037 1267 ita
2067 1199 2350 1264 liberalia
2382 1199 2804 1278 habebantur,
2848 1196 2892 1262 fi

827 1324 957 1368 non
999 1301 1081 1366 ad
1120 1301 1426 1387 quaestum
1467 1302 1574 1366 sed
1607 1301 1691 1366 ad
1707 1295 1710 1300 ⁶
1728 1301 2058 1389 ingenium
2101 1302 2456 1389 corpusque
2484 1299 2893 1366 formandum

825 1403 1246 1483 referrentur-3
1315 1425 1447 1490 quo
1497 1403 1578 1468 de
1630 1404 1822 1470 censu
1873 1404 2186 1491 legendus
2231 1401 2600 1468 Aristotelea
2645 1400 2893 1467 Politic.

826 1505 1016 1570 VIII.
1053 1522 1111 1567 1.
1187 1502 1550 1569 Pofidoniua
1593 1503 1765 1591 apud
1809 1506 2120 1570 Senecam
2162 1503 2439 1591 Epistola
2467 1504 2571 1569 88.
2646 1501 2773 1568 Sed
2801 1524 2894 1566 ω·

828 1618 962 1671 tate
991 1604 1294 1685 hominia,
1325 1605 1435 1691 qui
1465 1605 1642 1672 hunc
1671 1605 1960 1672 libellum
1989 1606 2168 1686 fecit,
2196 1604 2357 1671 alius
2378 1604 2520 1693 jam
2547 1604 2898 1669 invaluerat

825 1705 1050 1771 census
1078 1704 1313 1769 artium
1341 1704 1721 1786 liberalium,
1746 1728 1950 1793 quum
1981 1706 2156 1771 suam
2178 1703 2442 1793 quisque
2467 1719 2673 1770 artem
2700 1702 2894 1788 scrip-

826 1819 932 1871 tor
956 1805 1363 1872 cohonestare
1393 1807 1695 1898 studeret:
1744 1806 1940 1898 veluti
1977 1806 2309 1873 Vitruvius
2353 1804 2898 1884 ArchiteQurarm

827 1908 885 1971 Ι.
922 1926 978 1971 1.
1051 1905 1337 1973 Galenus
1380 1907 1777 1974 Medicinam
1824 1910 2135 1995 Protrept.
2174 1909 2282 1973 fin.
2327 1907 2449 1974 Ed.
2482 1908 2775 1974 Charter.
2812 1906 2900 1971 T.

829 2010 919 2073 ΙΙ.
963 2030 1028 2095 p.
1053 2029 1153 2094 15.
1230 2009 1558 2074 Caeterum
1597 2013 1799 2094 ἀγωγὴ
1834 2031 1986 2074 cum
2015 2009 2097 2074 de
2122 2008 2261 2074 aliis
2287 2008 2511 2076 multis
2537 2005 2906 2074 afflonibus

827 2110 1086 2189 dicitur,
1134 2122 1275 2173 tum
1315 2108 1398 2173 de
1441 2107 1801 2194 institutione
1841 2109 2130 2174 bifariam
2173 2108 2508 2195 accipitur,
2553 2122 2630 2174 ut
2657 2108 2758 2174 vel
2791 2122 2912 2174 to-

827 2223 973 2276 tum
999 2231 1208 2297 genus
1233 2231 1310 2274 ac
1346 2209 1684 2296 negotium
1718 2210 2075 2274 educationis
2115 2208 2443 2298 fignificet,
2483 2208 2582 2273 vel
2619 2222 2913 2295 partem,

829 2323 900 2376 et
925 2311 1007 2376 ab
1032 2331 1109 2376 ea
1131 2309 1599 2398 distinguantur
1623 2307 1787 2398 τρᾶφὴ
1816 2325 1885 2376 et
1908 2311 2129 2375 παιδιία
2154 2310 2425 2390 nutritio,
2447 2335 2519 2374 ac
2543 2309 2869 2398 disciplina
2888 2338 2918 2377 .-

828 2415 1027 2499 atque'
1053 2411 1277 2477 eadem
1316 2409 1554 2498 duplex
1594 2411 1962 2499 fignificatio
1988 2413 2073 2477 est
2091 2411 2442 2477 'nominum
2461 2414 2637 2500 ’τςοφὴ
2663 2425 2732 2477 et
2755 2437 2913 2476 ται-

827 2511 967 2578 διία.
1044 2512 1220 2579 Prior
1255 2513 1526 2600 potestas
1564 2516 1795 2596 ἀγωγῆς
1832 2510 1999 2578 valet
2037 2513 2164 2577 hoc
2204 2513 2271 2577 in
2315 2511 2508 2577 titulo
2527 2538 2546 2577 ι
2594 2512 2918 2598 posterior

828 2639 898 2703 p.
926 2636 988 2683 α.
1013 2618 1098 2680 A.
1124 2615 1239 2680 ubi
1262 2615 1395 2681 fere
1418 2614 1883 2703 consuetudinem
1911 2616 2319 2703 quotidianam
2348 2626 2407 2679 et
2431 2612 2918 2681 exercitationem

828 2727 1012 2799 notat
1046 2715 1141 2779 cui
1172 2715 1415 2805 proprie
1448 2713 1776 2803 praefeetus
1821 2714 1899 2801 est
1939 2717 2349 2805 padagogust
2392 2736 2787 2803 quamquam
2827 2716 2909 2782 in

828 2815 1289 2904 distinguendis
1332 2816 1435 2881 hia
1477 2816 1768 2903 partibus
1813 2815 1973 2881 mire
2015 2818 2233 2882 turbat
2277 2816 2481 2883 noster
2524 2817 2764 2882 homo:
2823 2828 2912 2884 ut

828 2919 1202 2985 monuimus
1243 2919 1422 3006 Disp.
1454 2918 1624 2985 Se&
1658 2920 1746 2983 11.
1796 2921 1959 2984 Part.
1992 2920 2046 2983 Ι.
2096 2919 2256 3005 Cap.
2290 2921 2378 2983 ΙΙ.
2424 2918 2489 3007 §.
2515 2938 2588 2984 1.·
2642 2919 2749 2984 De
2792 2941 2908 2986 ar-

829 3024 1146 3109 gumento
1187 3021 1305 3108 περ)
1344 3024 1576 3105 ἀγωγῆς
1618 3019 1845 3101 παίδων,
1883 3032 1996 3085 aut
2038 3019 2328 3106 fimplici,
2365 3034 2482 3085 aut
2523 3018 2907 3106 conjuncto,

830 3124 1075 3188 multos
1116 3124 1428 3188 Veterum
1465 3121 1755 3210 scripfiffe
1795 3122 2099 3188 credibile
2135 3122 2223 3188 est
2243 3149 2262 3188 ι
2312 3144 2590 3209 quorum
2631 3122 2910 3211 quidem

831 3208 1063 3292 riotitia
1094 3223 1281 3290 nobis
1318 3224 1380 3289 se
1418 3223 1681 3303 obtulit,
1719 3223 1789 3290 hi
1817 3224 1951 3290 fere
1978 3225 2144 3289 sunt.
2205 3220 2507 3311 Archytas
2537 3224 2911 3291 Tarentinus

829 3330 964 3419 ὑπὲρ
988 3328 1193 3393 παίδων
1219 3325 1428 3413 ἇῖωγῆς
1454 3327 1681 3415 γράφων
1709 3342 2103 3393 memoratur
2132 3327 2504 3394 Philostrato
2523 3328 2672 3394 Vit.·
2686 3328 2909 3417 Apol—

829 3431 964 3496 lon.
992 3432 1112 3496 VI.
1141 3449 1248 3516 31.
1324 3426 1626 3517 Ejusdem
1667 3430 1804 3517 angl
1847 3429 2188 3505 παιδεύσεως
2229 3434 2415 3507 ἠθικῆς
2457 3429 2910 3517 fragmentum

828 3532 1026 3596 exstat
1052 3531 1125 3597 in
1147 3535 1251 3597 Jo.
1281 3530 1661 3597 Damasceni
1691 3530 2006 3601 Parallelis
2033 3530 2312 3596 ineditis·
2385 3531 2710 3598 Fabricius
2739 3532 2906 3599 Bib-

830 3631 1021 3697 lioth.
1051 3633 1168 3697 Gr.
1194 3632 1344 3705 vol.
1370 3634 1422 3697 I.
1452 3655 1517 3720 p.
1537 3653 1688 3718 493.
1716 3633 1851 3720 αιρὶ
1886 3639 2071 3710 ἠθικῆς
2108 3632 2351 3708 παιδείας
2374 3633 2612 3700 excitat
2637 3655 2719 3698 ex
2747 3636 2909 3701 Sto-

829 3733 976 3799 baeo
1018 3733 1222 3798 Serm.
1250 3733 1308 3797 I.
1337 3732 1449 3817 qui
1472 3733 1659 3799 locus
1685 3733 1773 3798 est
1800 3754 1866 3818 p.
1897 3752 1998 3801 12.
2033 3732 2136 3801 ed.
2162 3733 2451 3815 Gesneri‚
2477 3732 2729 3823 adjecto
2757 3735 2905 3802 elo-

829 3835 943 3922 gio
977 3858 1051 3897 ex
1094 3832 1242 3898 libro
1292 3834 1366 3895 de
1407 3834 1679 3913 doctrina
1719 3833 1954 3900 morali.
2046 3835 2471 3925 Theophrqstus
2513 3836 2649 3924 περὶ
2679 3836 2914 3902 παίδων

830 3941 1087 4022 ἀγωγῆς,
1114 3935 1396 4023 Diogen.
1424 3938 1636 4003 laert.
1655 3940 1740 4005 V.
1764 3959 1871 4024 50.
1920 3937 2258 4027 Aristippus
2283 3940 2401 4028 περὶ
2428 3939 2696 4020 παιδείας,
2729 3940 2912 4007 idem

835 4038 925 4101 11.
954 4038 1058 4121 85.
1120 4036 1434 4101 Cleanthes
1461 4039 1578 4124 περὶ
1608 4044 1861 4124 ἀγωγῆς,
1891 4038 2062 4105 idem
2086 4041 2239 4107 VII.
2270 4057 2412 4125 174.
2470 4042 2632 4106 Zeno
2657 4043 2783 4131 περὶ
2810 4047 2912 4119 τῆς

827 4143 1157 4217 Ἑλληνικῆς
1196 4138 1481 4220 παιδείας,
1524 4139 1697 4205 idem
1726 4143 1877 4209 VII.
1908 4162 1990 4224 4:
2034 4144 2169 4231 περ)
2207 4142 2427 4207 παίδων
2451 4147 2684 4229 ἀγωγῆς
2712 4143 2908 4209 diffe-

832 4240 966 4315 ruit
994 4245 1046 4305 ἓν
1069 4243 1192 4314 ταῖς
1223 4238 1529 4328 διαΊςιὸαἶς,
1566 4241 1717 4306 teste
1752 4243 1948 4308 Sexto
1974 4243 2217 4332 Empir.
2251 4243 2560 4333 Pyrrhon-
2592 4246 2721 4311 ῙῙῙ.
2752 4258 2912 4331 245.

832 4356 903 4407 et
938 4340 1106 4407 Adv.
1141 4341 1464 4408 Mathem.
1497 4343 1616 4408 XI.
1654 4364 1799 4431 190.
1885 4344 2237 4435 Chrysippus
2261 4348 2381 4436 περὶ
2411 4346 2615 4423 παίδων
2641 4352 2914 4435 ἀγωγῆς,

833 4457 911 4511 ut
933 4444 1197 4512 titulum
1225 4442 1477 4535 colligit
1502 4464 1580 4513 ex
1606 4445 2047 4537 quinctiliano
2075 4449 2220 4533 Inst.
2251 4449 2365 4521 Or.
2395 4449 2452 4517 1.
2478 4469 2546 4536 3.
2576 4451 2906 4519 11.·Jon-
