3067 5225
761 475 881 533 23⁸
1050 466 1130 525 D.
1152 465 1256 523 W.
1294 464 1717 527 ANIMADV.
1754 462 1852 525 IN
1891 460 2356 523 PLUTARCHI
2395 460 2545 524 m.

758 627 874 697 ric.
921 630 1177 714 Fragm.
1222 650 1289 714 p.
1312 628 1465 715 376.
1537 624 1795 693 Lectius
1823 647 1887 712 p.
1923 644 2067 712 132.
2122 623 2488 691 Brunckius
2519 623 2825 690 'Analeflz

757 748 824 814 p.
848 748 957 810 44·
1029 730 1133 793 De
1168 727 1361 816 hujus
1387 740 1596 815 poetae
1624 728 1813 794 rebus
1839 739 1908 792 et
1944 726 2189 814 scriptis
2224 728 2389 792 bene
2434 725 2625 792 multi
2667 749 2823 814 ege·

758 842 950 895 runt:
996 841 1089 907 et,
1134 842 1210 893 ut
1238 827 1477 915 priores
1519 843 1868 908 taceamus,
1907 827 1973 893 in
2000 827 2222 916 primis
2257 828 2655 894 memorandi
2681 830 2827 896 sunt

759 932 831 1001 Ρ.
883 933 1142 1018 Baylius
1198 929 1552 997 Dictionar.
1610 931 1775 997 Hist.
1840 929 2005 995 Crit.
2064 930 2129 995 in
2187 951 2341 996 voce
2391 930 2783 995 Archilochus
2801 957 2824 997 .-

755 1035 820 1103 J.
848 1037 936 1099 A.
978 1032 1296 1099 Fabricius
1337 1032 1507 1098 Bibl.
1562 1035 1679 1098 Gr.
1722 1031 1875 1099 Vol.
1907 1033 1962 1097 Ι.
2009 1053 2077 1119 p.
2106 1047 2276 1117 572:
2337 1045 2406 1098 ct
2446 1033 2583 1120 post
2625 1032 2823 1098 etiam

756 1135 924 1213 illos,
954 1135 1068 1199 viri
1097 1133 1270 1203 dosii
1296 1148 1424 1200 tres
1460 1133 1527 1199 in
1563 1133 1901 1200 Memoriis
1926 1132 2297 1199 Academiae
2326 1133 2617 1218 Inscript.
2651 1134 2823 1199 Pari-

756 1237 1000 1318 fienfis3
1074 1235 1375 1322 Souchay
1416 1235 1571 1300 Vol.
1600 1235 1757 1300 VII.
1816 1256 1886 1320 p.
1928 1249 2081 1319 353.
2127 1235 2254 1321 seq.
2327 1235 2515 1300 Sevin
2555 1235 2704 1300 Vol.
2734 1237 2820 1301 X.

755 1358 825 1424 p.
855 1338 963 1421 36.
994 1338 1120 1423 seq.
1193 1336 1461 1401 Burette
1501 1334 1570 1400 in
1611 1333 1781 1399 notis
1817 1333 1900 1399 ad
1925 1332 2161 1400 librum
2191 1334 2511 1399 Plutarchi
2540 1332 2622 1399 de
2661 1336 2819 1401 Mu·

757 1436 879 1501 fica
919 1437 1068 1502 Vol.
1101 1437 1185 1501 X.
1237 1455 1305 1521 p.
1352 1453 1501 1521 239.
1546 1446 1616 1498 et
1657 1433 1785 1519 seq.
1870 1435 1958 1498 Et
1997 1445 2214 1507 tamen
2256 1432 2468 1501 adhuc
2517 1431 2821 1500 miramur

755 1560 907 1603 cum
939 1535 1329 1603 Ruhnkenio
1372 1535 1605 1616 nostre,
1649 1533 1942 1599 nondum
1988 1533 2316 1601 inventum
2358 1534 2504 1615 effe,
2542 1535 2654 1622 qui
2679 1535 2820 1623 ejus

702 1708 705 1713 ,
752 1637 1132 1725 fragmentis
1185 1635 1468 1723 undique
1519 1634 1804 1701 collectis
1850 1656 2112 1722 operam
2170 1650 2464 1702 navaret:
2521 1636 2605 1702 ad
2647 1638 2816 1705 Vell.

762 1740 1007 1807 Paterc.
1043 1741 1095 1802 Ι.
1123 1756 1189 1823 5.
1222 1757 1286 1806 2.

842 1860 947 1926 23.
974 1841 1051 1905 B.
1111 1845 1185 1904 Ei
1229 1837 1375 1905 κάμε
1420 1842 1772 1926 κεφαλὴν-ἦ
1832 1841 2000 1905 Item
2040 1862 2119 1907 ex
2160 1839 2281 1905 hac
2324 1862 2456 1906 una
2499 1840 2817 1908 Plutarchi

755 1942 1084 2013 mentione
1111 1942 1472 2029 cognitum,
1505 1955 1576 2007 et
1611 1941 1679 2006 in
1712 1940 2089 2007 Archilochi
2118 1944 2502 2028 Fragmenta
2539 1940 2814 2008 relatum

754 2044 1086 2110 Brunckio
1139 2042 1434 2109 Analect.
1481 2065 1550 2129 p.
1577 2062 1689 2124 41.
1736 2040 1848 2128 qui
1900 2044 2259 2126 ἁμφεπολῆ-θη
2305 2041 2483 2107 dedit
2524 2066 2604 2108 ex
2646 2046 2814 2122 (ἰτὼ,

752 2146 926 2211 tiana
964 2145 1156 2232 hujus
1199 2144 1396 2209 libelli
1442 2143 1748 2223 editione,
1794 2163 1988 2230 quam
2038 2144 2194 2210 item
2241 2144 2616 2232 exprefferat
2662 2147 2814 2211 Pot-

752 2262 949 2317 terus.
1020 2245 1234 2312 Nostri
1273 2244 1528 2311 codices
1562 2258 1632 2310 et
1669 2243 1984 2311 editiones
2025 2259 2275 2310 caetcrae
2311 2246 2718 2312 consentiunt
2747 2247 2812 2317 in

750 2349 1123 2433 ὶμφηονῆθη.
1215 2349 1405 2415 Forte
1446 2345 1678 2412 Grotio
1733 2345 2023 2411 mutandi
2071 2346 2277 2412 caufl‘a
2324 2347 2452 2412 fuit
2501 2347 2816 2415 dubitatio

750 2451 847 2517 H.
889 2446 1199 2536 Stephani
1224 2446 1417 2515 Thes.
1452 2448 1530 2512 L.
1562 2448 1681 2512 Gr.
1710 2447 1786 2510 T.
1821 2447 1947 2511 ΙΙΙ.
1991 2469 2060 2533 p.
2092 2465 2238 2514 222.
2270 2447 2408 2512 haec
2446 2447 2814 2514 scribentis:

755 2557 804 2592 “
832 2550 1190 2637 Exponitur
1225 2550 1421 2616 etiam
1449 2549 1732 2637 Absumo,
1765 2549 2149 2639 afferturque
2174 2573 2253 2616 ex
2282 2550 2625 2617 Plutarcho
2657 2556 2813 2636 &po-

752 2658 803 2694 “
833 2653 1083 2732 επυνῆθη,
1139 2673 1257 2739 pro
1308 2651 1652 2737 Consungfit,
1699 2650 1990 2740 Depqstus
2042 2651 2139 2739 est.
2226 2652 2361 2740 Qui
2406 2651 2601 2740 hujus
2645 2655 2816 2720 verbi

757 2759 808 2794 “
837 2753 984 2819 usus
1022 2752 1181 2818 mihi
1224 2752 1406 2818 valde
1453 2753 1728 2820 insolens
1771 2753 2089 2818 videtur.''
2157 2756 2312 2819 Non
2354 2754 2516 2820 alius
2553 2754 2664 2820 nifi
2707 2756 2815 2821 hic

754 2855 1079 2923 Plutarchi
1121 2856 1301 2921 locus
1338 2857 1448 2937 est,
1489 2878 1685 2943 quem
1726 2855 1929 2923 voluit
1969 2857 2231 2943 ignotus
2275 2857 2380 2921 ille
2411 2879 2452 2921 a
2486 2857 2816 2944 Stephano

751 2959 1134 3047 significatus
1178 2958 1396 3024 Lexici
1432 2959 1734 3045 scriptor:
1781 2946 1976 3046 ciuem
2020 2960 2236 3025 locum
2279 2960 2322 3024 fi
2365 2959 2494 3047 ipse
2535 2961 2809 3047 Stepha-

750 3083 874 3127 nus
902 3060 968 3127 in
1001 3061 1326 3128 Plutarchi
1351 3073 1659 3127 contextu
1679 3061 1946 3148 legiffct‚
1974 3062 2063 3126 nil
2091 3062 2381 3148 profecto
2397 3061 2813 3128 dubitationis

746 3163 1171 3249 concepisset:
1223 3163 1311 3227 est
1346 3162 1521 3227 enim
1558 3163 1926 3250 consumendi
1965 3163 2416 3252 depcfitendique
2462 3164 2644 3229 notio
2684 3164 2811 3230 hoc

745 3265 894 3332 loco
944 3288 1075 3331 non
1121 3264 1227 3330 uifl
1272 3262 1641 3330 secundaria
1686 3278 1755 3329 ct
1802 3263 2111 3330 adscititia
2157 3266 2239 3330 ab
2283 3265 2443 3353 ignis
2490 3265 2808 3331 efficacia:

748 3366 1047 3453 princeps
1082 3380 1150 3432 et
1193 3366 1447 3453 propria
1482 3367 1570 3431 est
1612 3366 1890 3446 curandi,
1933 3368 2322 3453 cmpoaecmdi‚
2357 3381 2433 3432 ut
2458 3372 2811 3451 ἀμφωνέἰτρ

745 3469 920 3555 apud
957 3471 1323 3536 Homerum
1354 3466 1534 3534 Iliad.
1563 3473 1643 3533 Ψ.
1673 3468 1823 3533 681.
1878 3466 2096 3556 Odyss'.
2122 3473 2200 3531 T.
2226 3484 2379 3553 307.
2462 3468 2810 3548 Caeterum,

744 3583 1108 3657 poetarum,
1142 3591 1417 3658 quorum
1455 3568 1716 3656 quidem
1758 3567 2041 3655 reliquiae
2079 3568 2342 3647 exstant,
2378 3569 2812 3636 Archilochus

744 3671 1207 3757 antiquiflimus
1247 3671 1361 3750 est,
1388 3669 1503 3758 qui
1543 3668 1702 3735 alios
1744 3669 1965 3751 etiam,
2003 3693 2197 3757 quam
2237 3673 2682 3752 Hexametros,
2712 3672 2808 3736 fe·

744 3772 909 3839 cerit
939 3772 1170 3852 versus,
1199 3771 1561 3859 Elegiacos,
1587 3771 1927 3852 Iambic08‚
1956 3772 2364 3852 Trochaic03‚
2395 3772 2584 3837 alios:
2634 3776 2806 3838 Iam-

743 3868 883 3938 bici
916 3871 1175 3958 quidem
1213 3870 1547 3938 communi
1573 3871 1969 3957 antiquitatis
2012 3872 2312 3960 opinione
2356 3872 2650 3953 inventor
2688 3872 2807 3938 ha·

740 3971 969 4053 betur3
1012 3992 1050 4035 e
1086 3993 1214 4058 qua
1256 3971 1439 4036 fluxit
1479 3969 1642 4036 illud
1684 3971 1938 4035 Horatii
1979 3975 2126 4037 Art.
2169 3973 2345 4036 Poet.
2375 3987 2483 4058 79.
2521 3970 2809 4038 Archile·-
2887 3975 2892 3979 ’

740 4074 917 4142 chum
960 4072 1201 4163 proprio
1242 4073 1437 4138 rabies
1478 4072 1745 4138 armavit
1787 4073 2001 4138 iambo.
2089 4073 2389 4161 Elegiaca
2433 4075 2580 4140 sunt
2622 4097 2804 4142 eom-

740 4177 928 4265 plura
978 4176 1043 4241 in
1085 4175 1222 4264 ejus
1261 4174 1683 4262 fragmentis3
1752 4198 1884 4263 quo
1935 4177 2142 4265 magis
2192 4200 2366 4244 error
2409 4179 2810 4245 convincitur

740 4302 995 4361 corum,
1023 4278 1133 4366 qui
1172 4275 1638 4342 Mimnermum
1677 4275 1874 4365 hujus
1913 4279 2165 4365 generis
2207 4279 2608 4345 inventorem
2647 4278 2806 4346 faci-

746 4397 889 4463 unt,
917 4381 1153 4469 quippe
1184 4399 1375 4467 quem
1405 4377 1550 4443 satis
1590 4378 1832 4447 constat
1873 4378 2102 4465 viginti
2140 4380 2628 4468 olympiadibus
2672 4379 2808 4468 post
