3067 5225
455 398 564 461 DE
587 399 851 461 REcTA
876 400 1284 462 AUDIENDI
1312 388 1695 460 RATIONE.
1719 396 2114 473 p.45.A—-C.
2191 398 2305 464 391
2347 441 2352 449 .

335 575 448 648 45·
477 565 564 643 Α,
582 565 660 630 Β·
688 558 1019 653 Ἀςχιλὸχε
1046 566 1146 647 μὲν
1166 568 1262 643 τὴν
1288 563 1564 641 ὑπόθεσιν,
1582 558 1906 648 Παςμενΐὸε
1933 558 1990 620 δὲ
2012 560 2107 633 τὴν
2134 579 2305 640 fuxo·

249 668 456 747 ποιΐαν,
483 664 781 732 Φωκυλῖδε
811 669 865 731 δὲ
889 672 986 745 τὴν
1011 666 1302 744 wtizam,
1333 664 1599 751 Εὖριπῖὃε
1643 665 1697 725 δὲ
1734 665 1829 738 τὴν
1863 662 2094 735 λαλιὰν,
2119 654 2304 736 Σοφο-

247 767 423 841 κλέες
452 769 505 830 δί
535 771 632 845 τὴν
665 766 1045 853 ἀνωμαλίαν]
1096 765 1445 830 Archilochi
1480 773 1932 849 argumentum
1975 768 2237 823 notatur
2268 776 2311 818 a

251 866 599 933 Plutarcho
636 868 829 933 etiam
873 869 1047 954 Opp.
1093 869 1268 933 Mor.
1316 889 1381 953 p.
1415 882 1569 950 520.
1611 864 1709 926 B:
1766 856 2208 924 maledicentia
2239 866 2311 919 et

243 968 662 1034 obscoenitate
705 969 836 1034 fere
879 970 1222 1048 constabat,
1253 966 1427 1056 quod
1468 974 1906 1050 temperarunt
1943 957 2204 1044 Sappho
2240 968 2309 1020 et

240 1067 534 1147 AlcaeuS,
579 1082 646 1134 et
687 1064 813 1155 ipse
856 1069 1187 1148 Horatius,
1233 1081 1495 1132 caeteras
1541 1063 1710 1128 inius
1761 1059 1981 1126 laudes
2028 1057 2306 1134 secutuS,

244 1169 607 1256 repudiavit
640 1172 832 1257 Epist.
864 1175 919 1237 Ι.
956 1193 1056 1259 19.
1086 1192 1276 1259 23-.

226 1322 233 1327 -
760 1274 975 1338 Parios
1003 1298 1107 1361 ego
1139 1275 1366 1362 primus
1395 1270 1627 1338 Iamhos

422 1370 656 1456 Ostendi
683 1371 887 1453 Latio,
916 1396 1182 1438 numeros
1208 1373 1539 1459 animcffque
1557 1372 1803 1457 secutus

413 1472 775 1552 Archilochi,
804 1497 919 1537 non
948 1497 1040 1537 res
1066 1488 1123 1539 et
1149 1474 1392 1562 agentia
1419 1473 1608 1537 verba
1637 1467 1969 1557 Lycamben
1988 1491 2099 1531 :—

419 1573 732 1661 Temperat
756 1573 1102 1639 Archilochi
1129 1575 1373 1661 Musam
1411 1575 1556 1662 pede
1582 1570 1845 1660 mascula
1874 1569 2133 1658 Sap‘pho,
2178 1660 2186 1669 .

419 1671 731 1761 Temperat
757 1673 1027 1755 Alcaeus,
1050 1676 1172 1761 sed
1193 1675 1365 1738 rebus
1391 1685 1448 1737 et
1476 1673 1678 1738 ordine
1704 1670 1942 1759 dispar:

415 1772 545 1836 Nec
563 1775 828 1861 sbcerum
856 1777 1099 1863 quaerit,
1126 1801 1296 1865 quem
1320 1775 1583 1861 versibus
1611 1772 1838 1839 oblinat
1861 1771 2037 1851 atris,

416 1872 541 1937 Nec
560 1877 800 1963 sponsa
826 1877 1102 1966 laqueum
1122 1877 1360 1963 famofh
1391 1877 1650 1941 carmine
1675 1876 1876 1939 nectit.

239 1975 427 2041 Nota
470 1975 587 2043 five
623 1996 746 2055 roe,
791 1977 908 2042 five
948 1977 1187 2058 fabula,
1228 1980 1310 2045 de
1351 1978 1679 2065 Lycamba
1725 1974 1985 2063 ejusque
2027 1972 2299 2052 filiabus,

240 2097 411 2162 quos
452 2089 659 2162 poetae
702 2077 1147 2143 maledicentia
1197 2076 1281 2142 ad
1322 2075 1739 2141 voluntariam
1789 2088 2061 2141 mortem
2113 2094 2299 2139 com·

240 2176 467 2264 pulifl'e
494 2177 729 2243 fertur:
776 2178 975 2243 versui
1012 2178 1142 2244 huc
1178 2177 1508 2244 referendo
1551 2175 1940 2242 verisimilem
1983 2175 2296 2241 obscoeni-

235 2290 444 2342 tatem
475 2276 750 2343 reddidit
775 2281 836 2344 J.
866 2280 1154 2366 Toupius
1180 2281 1264 2346 ad
1290 2280 1556 2345 Suidam
1581 2281 1660 2344 T.
1683 2281 1769 2345 11.
1799 2297 1865 2364 p.
1886 2281 2036 2359 464.
2064 2277 2297 2342 editio-

236 2377 346 2442 nis
390 2378 747 2444 noviffimae.
820 2381 1200 2446 Parmenidi-5
1243 2381 1630 2461 verfificatio,
1672 2379 1739 2445 id
1772 2380 1881 2460 est,
1927 2379 2298 2465 compofitio

240 2484 534 2550 versuum
560 2485 771 2551 minus
809 2499 1127 2568 accurata,
1157 2510 1235 2554 ex
1266 2488 1342 2553 iis
1368 2510 1513 2576 quae
1541 2486 1872 2575 supersunt
1896 2485 2298 2572 fragmentis,

238 2606 375 2652 non
423 2585 568 2652 satis
613 2600 912 2674 apparet3
969 2588 1270 2676 siquidem
1312 2589 1438 2655 hoc
1484 2588 1747 2654 nomine
1789 2585 2298 2675 reprehenditur,

232 2709 371 2774 quo
400 2687 748 2774 versificatio
770 2690 833 2753 in
852 2702 1115 2777 poemate
1140 2690 1324 2755 locum
1350 2691 1548 2771 hahet,
1577 2711 1745 2779 quem
1773 2690 1838 2753 in
1863 2689 2119 2755 oratione
2143 2713 2297 2754 com-

235 2786 460 2874 positio,
494 2788 745 2876 judicio
771 2790 1191 2877 Quinctiliani
1221 2790 1419 2856 Instit.
1459 2792 1573 2857 Or.
1603 2793 1726 2856 IX.
1753 2811 1821 2873 4.
1892 2791 2165 2856 Fortaffe
2192 2804 2298 2857 et·-

232 2888 369 2954 iam
421 2889 546 2955 alio
589 2891 847 2955 nomine
894 2892 1399 2979 reprehenditur,
1444 2893 1613 2979 quafi
1654 2892 1859 2979 magis
1899 2893 2298 2958 vcrfificatio-

234 3011 418 3070 nem,
448 3013 641 3079 quam
669 3014 921 3079 poema,
949 2993 1337 3060 condiderit:
1383 3006 1460 3058 ut
1495 2994 1667 3058 idem
1709 2994 2176 3082 Quinctilianus
2215 2994 2299 3061 de

234 3093 547 3159 Cornelio
603 3095 834 3160 Severo
877 3092 1151 3182 judicat,
1207 3117 1355 3160 eum
1409 3095 1738 3161 meliorem
1796 3095 2296 3177 versificatorem,

230 3213 436 3279 quam
484 3206 740 3278 poetam
785 3193 986 3259 fuiffe.
1058 3194 1162 3259 De
1200 3192 1539 3280 Phofylidis
1573 3191 1814 3279 εὐτελείᾳ
1853 3193 2000 3258 satis
2031 3195 2293 3259 constat.

232 3294 564 3381 Euripidis
606 3300 812 3359 λαλιὰν
854 3294 1206 3382 perstrinxit
1251 3295 1702 3380 Aristophanes
1744 3295 1936 3360 Ranis
1962 3315 2069 3382 90.
2106 3316 2293 3362 1101.

231 3395 353 3461 ubi
400 3395 709 3461 videndus
756 3400 875 3462 Ez.
921 3397 1385 3483 Spanhemius:
1451 3396 1705 3461 Comici
1749 3397 2294 3483 reprehensionem

232 3496 470 3583 probat
522 3496 825 3564 Aristides
871 3498 985 3563 Or.
1017 3497 1176 3563 Plat.
1215 3499 1304 3562 11.
1350 3517 1416 3583 p.
1451 3516 1597 3583 133.
1664 3494 1930 3585 Sophocli
1973 3497 2294 3579 ἀνωμαλία,

232 3596 626 3683 inaequalitas
653 3598 718 3663 in
750 3598 1056 3679 moribus,
1089 3611 1204 3663 aut
1237 3598 1658 3684 descriptione
1687 3597 2166 3684 oeconomiaque
2193 3599 2293 3664 fa-

229 3696 408 3764 bulae
452 3697 643 3784 objici
685 3711 858 3764 certe
901 3698 1160 3785 nequit:
1223 3699 1425 3785 potest
1466 3700 1634 3764 forte
1675 3697 1741 3761 in
1780 3696 2083 3778 dictione,
2122 3723 2294 3787 quae,

232 3812 316 3863 ut
358 3799 736 3887 plerumque
776 3800 863 3864 est
904 3800 1169 3887 tragica,
1205 3799 1513 3878 sublimia,
1559 3797 1791 3885 gravis,
1834 3798 1924 3863 ita
1968 3823 2292 3868 nonnum-

229 3919 431 3984 quam
460 3898 625 3962 infra
665 3898 1056 3964 cothurnum
1090 3898 1173 3962 ad
1212 3901 1411 3986 prosae
1439 3898 1906 3964 similitudinem
1937 3899 2292 3969 delabiture

227 3998 433 4064 veluti
468 3999 631 4064 adeo
662 4000 725 4064 in
762 4000 1030 4066 verfibus
1064 4000 1431 4087 quibusdam
1480 4000 1824 4066 Plutarcho
1849 4001 2058 4067 citatis
2085 4004 2295 4070 videre

222 4099 386 4166 licet
432 4100 607 4188 Opp.
658 4102 832 4166 Mor.
882 4121 950 4187 p.
987 4103 1088 4166 16.
1117 4101 1206 4165 A.
1264 4103 1481 4169 21.A.
1540 4119 1644 4187 27.
1675 4104 1745 4167 F.
1792 4104 1904 4184 48.
1933 4105 2019 4169 A.
2064 4105 2171 4190 98.
2201 4106 2318 4189 A„

223 4200 384 4282 418.
409 4202 500 4265 D.

316 4321 363 4384 4
361 4319 427 4387 5.
454 4302 535 4368 C.
566 4304 867 4390 ἐγκύκλια]
908 4305 1215 4392 Consueta,
1228 4304 1443 4391 solita,
1466 4305 1860 4397 pervulgata.
1906 4307 2292 4395 Hesychius,

1184 4427 1226 4471 c
1249 4428 1286 4471 c
1312 4427 1358 4490 4
