3067 5225
498 508 503 512 ·
556 484 573 525 ³
640 488 750 549 nn
789 488 1241 550 mmmmm
1282 487 1574 550 roms,
1613 490 1901 567 pam).
2005 520 2012 529 -
2187 493 2299 564 167

204 646 366 718 lem
389 649 550 737 μίγα.
575 653 729 727 κῦδος
752 651 1038 740 Ἀχαιόνε
1086 653 1151 719 in
1179 652 1774 741 vituperationibus,
1805 651 2092 742 οἰνοὸαρῖς,
2121 681 2305 720 κακο-

210 752 453 838 φςαιδὶς,
497 753 861 842 dampnes-2¹5.
934 755 1182 843 Ulyffes
1216 755 1582 843 vituperans
1604 757 1954 822 Therfitem
1984 779 2113 822 non
2141 755 2304 825 dicit

211 851 540 934 claudum,
583 854 844 935 calvum,
882 855 1215 943 gibberum,
1260 856 1367 922 sed
1410 856 1801 945 ἄκρη-ἄμυθον,
1846 870 2053 922 temere
2091 857 2300 947 loqua-

212 976 376 1016 cem.
448 954 674 1018 Venus
721 950 923 1018 filium
974 954 1339 1021 Vulcanum
1385 954 1618 1021 blande
1661 956 1943 1043 appellat
1976 979 2017 1020 a
2050 957 2299 1022 claudi-

182 1078 191 1085 ·
218 1054 515 1135 catione,
547 1052 782 1142 Ὄρσιο,
823 1055 1201 1136 κυλλοπόδιον,
1242 1058 1369 1141 ἐμὸν
1404 1056 1582 1133 τέκος.
1649 1059 1750 1123 Ita
1780 1059 2108 1123 Homerus
2137 1057 2303 1124 ridet

216 1177 373 1234 eos,
414 1177 578 1241 quos
612 1154 1136 1237 claudicationis,
1186 1158 1519 1238 caecitatis,
1572 1157 1971 1246 aliorumque
2016 1158 2301 1246 corporis

216 1256 537 1325 vitiorum
581 1258 824 1346 pudet3
870 1260 1039 1347 quafi
1076 1259 1427 1347 quidquam
1470 1260 1653 1326 nobis
1694 1283 1735 1326 a
1777 1261 2036 1326 fortuna
2074 1260 2300 1327 datum
2345 1282 2352 1288 ·

222 1371 427 1444 turpe
464 1358 560 1425 fit.
633 1360 859 1447 Itaque
898 1360 1068 1427 reste
1112 1361 1546 1449 intelligendis
1588 1361 1802 1427 Poetis
1835 1362 2170 1445 discemus,
2216 1386 2297 1430 u-

219 1473 531 1547 tramque
557 1459 884 1525 fortunam
910 1460 1257 1547 prudenter
1283 1462 1478 1528 ferre:
1525 1484 1647 1528 nec
1672 1462 1968 1528 secundis
2005 1463 2074 1528 in
2111 1465 2301 1533 rebus

224 1559 465 1642 efferri,
503 1574 579 1627 ut
613 1561 753 1627 aliis
793 1561 949 1627 vitia
982 1563 1288 1650 corporis,
1325 1563 1603 1651 generis,
1637 1564 1914 1629 fortunae
1957 1568 2299 1652 exprobre-

226 1683 424 1728 musz
470 1684 592 1728 nec
618 1662 883 1729 adverfis
916 1661 984 1728 in
1026 1664 1215 1729 rebus
1256 1663 1544 1729 animum
1588 1663 1671 1728 ad
1712 1664 2144 1729 humilitatem
2179 1665 2299 1731 de-

231 1762 520 1843 mittere,
564 1761 672 1828 sed
715 1761 799 1828 ad
837 1761 1259 1828 excelsitatem
1293 1761 1562 1850 erigere,
1604 1784 1726 1829 nec
1763 1762 2036 1829 aliorum
2077 1763 2144 1828 in
2183 1787 2300 1835 non

225 1861 537 1943 disseriis,
565 1861 895 1944 conviciis,
921 1861 1045 1928 risu
1072 1861 1486 1928 commoveri.

319 1965 509 2029 XIV.
556 1963 855 2051 Denique
884 1962 1123 2029 docens
1149 1985 1411 2051 operam
1438 1961 1638 2046 dabit,
1667 1977 1743 2031 ut
1769 1964 1970 2052 proba
1995 1965 2300 2057 utiliaque

232 2068 578 2135 Poetarum
605 2065 780 2132 dicta
803 2065 873 2131 in
897 2065 1114 2132 animo
1140 2064 1441 2132 discentis
1462 2066 1545 2134 ad
1583 2067 1891 2157 majorem
1920 2067 2109 2134 fidem
2138 2091 2298 2134 con·

233 2170 450 2236 firmet
495 2184 859 2259 augeatque
906 2169 1273 2237 testimoniis
1315 2169 1737 2258 similibusque
1784 2170 1971 2236 diffie
2017 2170 2300 2237 Philoso-

233 2273 517 2360 phorum
550 2272 971 2360 apponendis.
1062 2272 1294 2361 Igitur,
1340 2285 1418 2338 ut
1460 2272 1681 2359 paucis
1720 2271 2028 2360 exemplis
2067 2272 2301 2339 defun·

232 2397 493 2463 gamur,
537 2374 890 2442 Homerico
929 2374 1021 2441 illi
1060 2377 1198 2450 Ζεὺς
1238 2374 1357 2462 γάρ
1394 2400 1477 2439 τοι
1521 2380 1749 2461 νεμεσᾷ,
1789 2373 1864 2439 ὅτ’
1898 2373 2128 2458 ἀμείνονι
2167 2376 2301 2460 φωτὶ

232 2477 472 2564 μάχοιο,
518 2476 852 2543 adhibebit
889 2476 1138 2543 Biantis
1174 2481 1356 2541 Γνῶθι
1398 2477 1626 2557 σαυτὸν,
1655 2476 1849 2563 idque
1877 2473 2158 2562 ejusdem
2183 2477 2306 2542 ess‘e

234 2577 570 2647 sententiae
617 2577 939 2647 ostendet:
998 2575 1310 2644 Hefiodea
1355 2577 1557 2657 Νῆτιω
1581 2637 1586 2643 .
1608 2579 1711 2642 οὐδ’
1754 2575 1943 2642 ἴσασιν
1987 2575 2097 2665 ὅσῳ
2141 2576 2307 2643 πλέον

239 2682 412 2762 ἥμισυ
446 2682 671 2761 παντὸς,
714 2692 784 2745 et
825 2679 1101 2744 alterum
1133 2681 1216 2744 ‘H
1251 2680 1304 2742 ὃὶ
1344 2683 1488 2758 κακὴ
1525 2681 1677 2758 βυλὴ
1712 2684 1792 2764 τῷ
1826 2678 2166 2758 βελεύσαντι
2194 2705 2306 2743 κα·

240 2781 398 2862 είς-η,
441 2780 671 2848 eodem
708 2779 939 2859 valere,
974 2801 1108 2867 quo
1153 2779 1432 2846 Platonis
1471 2779 1538 2846 in
1572 2779 1817 2868 Gorgia
1853 2792 1920 2845 et
1959 2779 2311 2868 Republica

236 2882 575 2970 placitum,
614 2882 786 2971 ῥᾴω
827 2883 934 2968 effi
974 2880 1261 2968 injuriam
1286 2879 1532 2967 irffserre,
1562 2905 1745 2969 quam
1776 2881 1952 2969 pali.-
1995 2880 2309 2969 AEschyli,

236 2986 489 3072 Θάρσει,
514 2983 666 3048 σίνε
700 2988 816 3071 γὰρ
843 2981 1008 3071 ἄκρον
1044 2986 1141 3046 οὐκ
1171 2981 1286 3069 ἔχει
1310 2981 1535 3070 χρόνον,
1575 2981 1746 3047 idem
1775 2982 1922 3062 effe,
1949 2981 2125 3068 quod
2152 2982 2309 3068 Epi-

233 3085 408 3165 curi,
446 3107 688 3172 magnos
730 3083 953 3150 dolores
990 3083 1250 3148 celeriter
1280 3083 1620 3171 praeterire,
1656 3083 1966 3148 diuturnos
1999 3082 2309 3168 magnitu-

237 3187 383 3254 dine
406 3209 625 3251 carere.
700 3188 798 3252 Ita
813 3184 1067 3274 juvenis
1094 3185 1314 3250 senfim
1342 3184 1793 3251 conciliabitur
1817 3183 2065 3272 placitis
2095 3182 2308 3249 Philo-

242 3288 616 3377 sophorum,
646 3310 765 3355 nec
804 3290 895 3356 ita
930 3302 1173 3356 temere
1204 3289 1484 3377 repletus
1521 3289 1876 3376 obsitusqne
1903 3285 2219 3352 erroribus
2244 3300 2313 3352 et

242 3390 449 3478 pravis
475 3390 885 3478 opinionibus
926 3413 966 3456 a
1007 3391 1256 3457 nutrice
1294 3404 1362 3456 et
1399 3403 1627 3471 matre,
1656 3404 1852 3477 atque
1878 3388 2040 3455 adeo
2061 3411 2100 3453 a
2128 3403 2313 3476 patre

236 3508 309 3561 et
356 3493 741 3584 padagogo,
790 3495 1151 3562 colentibus
1196 3507 1264 3561 et
1311 3493 1691 3560 mirantibus
1739 3490 1989 3572 divites,
2034 3506 2311 3557 mortem

240 3619 325 3664 -ac
363 3597 657 3664 dolorem
689 3599 1122 3680 horrentibus,
1153 3598 1457 3666 virtutem
1492 3595 1725 3662 divitiis
1757 3606 1827 3660 et
1856 3593 2062 3683 gloria
2086 3616 2311 3661 caren-

251 3711 388 3764 tem
425 3699 1034 3766 contemnentibus:
1089 3700 1188 3766 his
1231 3700 1432 3788 igitur
1472 3697 1791 3763 erroribus
1824 3696 2032 3784 magis
2067 3718 2310 3788 purga-

248 3812 355 3863 tus
389 3797 473 3864 ad
501 3797 975 3887 Philosophiam
1001 3801 1300 3867 accedet:
1341 3799 1578 3887 quibus
1606 3798 1786 3864 obsiti
1823 3798 1906 3864 acl
1948 3820 2092 3864 eam
2125 3820 2311 3865 acce-

246 3901 474 3968 dentes
499 3916 569 3969 et
594 3903 916 3968 contraria
946 3902 1192 3968 laudari
1234 3902 1593 3982 audienteS,
1638 3901 2003 3980 turbantur,
2039 3900 2312 3987 stupent,
2344 3895 2352 3908 ’

240 4005 582 4093 refugiunt
605 4031 627 4087 3
673 4005 784 4072 nifi
811 4019 1004 4073 antea
1027 4004 1360 4071 veritatem
1386 4002 1696 4091 paulatim
1725 4002 1790 4067 in
1819 4000 2052 4067 fabulis
2078 3999 2312 4089 agnos-

238 4125 392 4172 cere
417 4106 898 4174 consueverintz
944 4106 1144 4172 veluti
1174 4106 1286 4192 qui
1319 4105 1539 4171 Solem
1568 4104 1776 4192 ipsum
1803 4102 2039 4169 intueri
2068 4122 2311 4187 neque-

247 4220 392 4288 unt,
420 4205 563 4296 ejus
590 4207 945 4296 imaginem
978 4207 1045 4273 in
1082 4229 1272 4295 aqua,
1299 4208 1399 4273 vel
1432 4206 1740 4295 ejusmodi
1778 4206 1986 4272 aliena
2025 4204 2170 4269 lnce
2196 4225 2311 4268 co-

246 4308 553 4395 gnoscere
596 4308 869 4376 discunt.
951 4309 1301 4397 Hisjgitur
1326 4307 1407 4373 de
1435 4309 1656 4374 cauffis
1682 4307 1936 4396 juvenis
1965 4305 2188 4368 Poetas
2214 4303 2311 4368 le-

242 4431 417 4497 gens
438 4431 607 4498 opus
632 4410 829 4479 habet
852 4410 1169 4498 prudente
1206 4410 1321 4475 viae
1359 4410 1526 4479 duce
1565 4423 1634 4479 et
1658 4409 1825 4500 quali
1855 4406 2312 4497 gubernatore,

1238 4530 1374 4593 »14
