3067 5225
700 523 785 587 δα
875 525 1293 587 ANIMADV.
1322 523 1419 585 IN
1445 525 1595 585 LIB.
1623 522 1731 583 DE
1754 521 2105 584 EDUCAT.
2135 521 2604 584 PUERORUM.

698 689 961 755 temus?
1031 687 1196 777 Quis
1243 685 1441 777 igitur
1482 684 1622 774 ejus
1666 685 1752 751 est
1798 684 2110 771 scriptor?
2174 686 2446 752 Nescioe
2517 685 2766 751 Plutar-

698 789 900 854 chum
945 809 1077 856 non
1119 790 1266 870 effe,
1311 789 1458 855 scio.
1548 786 1676 853 Sed
1703 787 1981 874 quisquis
2011 785 2273 852 tandem
2310 786 2419 853 iste
2457 787 2603 867 fuit,
2634 809 2763 852 non

700 889 980 956 falsarius
1023 890 1216 956 debet
1258 889 1512 956 haberi:
1560 888 1827 953 aliorum
1858 909 2090 968 errore,
2114 907 2251 952 non
2294 887 2477 974 ipfius
2515 886 2764 968 fraude,

698 989 844 1056 haeo
886 991 1336 1078 scriptiuncula
1380 989 1766 1056 Plutarcheis
1808 989 2048 1076 scriptis
2079 988 2296 1055 addita
2324 988 2443 1053 effe
2473 988 2759 1054 videtur:

696 1092 813 1179 qui
855 1092 895 1156 fi
942 1092 1071 1179 ipse
1113 1092 1240 1157 hoc
1267 1092 1488 1179 egiffet
1523 1101 1601 1155 ut
1631 1109 1774 1155 eam
1819 1085 2163 1154 Plutarcho
2192 1089 2595 1176 supponeret,
2625 1089 2763 1177 ejus

699 1193 991 1281 profecto
1033 1192 1346 1258 rationem
1387 1204 1454 1257 et
1494 1187 1849 1258 orationem
1877 1191 2114 1256 imitari
2160 1190 2522 1256 studuifl'etz
2570 1190 2766 1256 veluti

697 1295 778 1376 is,
821 1298 932 1384 qui
973 1298 1651 1386 Apophthegmatibus
1695 1297 1989 1384 praemisit
2031 1296 2374 1383 Epistolam
2417 1295 2499 1361 ad
2542 1296 2762 1384 Traja-

595 1409 603 1418 “
696 1419 884 1478 num,
915 1399 1058 1463 satis
1087 1398 1427 1486 diligenter
1452 1397 1755 1462 orationis
1787 1397 2181 1462 Plutarcheae
2210 1397 2483 1461 formam
2513 1399 2764 1485 expres-

692 1498 809 1564 fit:
878 1509 948 1564 at
1002 1498 1420 1564 fimilitudinis
1474 1498 1970 1584 imitationisque
2026 1497 2321 1562 voluntas
2371 1512 2441 1563 et
2485 1498 2760 1564 studium

696 1613 829 1663 non
870 1599 1026 1664 item
1060 1611 1322 1686 apparet
1358 1599 1424 1663 in
1467 1598 1768 1685 scriptore
1807 1597 2002 1662 libelli
2041 1599 2142 1662 De
2174 1598 2570 1666 Educatione.
2654 1600 2761 1664 De

594 1726 607 1736 ·
693 1719 827 1786 quo
872 1701 913 1764 fi
960 1700 1120 1764 mibi
1170 1700 1437 1768 omnino
1485 1699 1832 1766 dicendum
1879 1699 1952 1764 fit
1993 1698 2150 1786 quid
2192 1693 2504 1786 suspicer3
2548 1699 2758 1765 dicam

693 1801 1011 1887 equidem,
1043 1802 1151 1867 sed
1177 1802 1266 1866 ita
1292 1816 1369 1867 ut
1395 1823 1512 1888 pro
1540 1801 1887 1889 suspicione
1913 1812 1982 1866 et
2009 1789 2160 1866 dem
2190 1815 2257 1866 et
2295 1802 2495 1889 accipi
2524 1800 2710 1866 velim
2727 1808 2753 1881 '3

692 1919 827 1968 non
870 1917 946 1968 ut
986 1925 1103 1990 pro
1145 1916 1319 1969 certa
1353 1918 1612 1990 rataque
1651 1903 1984 1984 sententia,
2015 1902 2193 1990 quod
2221 1903 2354 1967 fere
2381 1903 2625 1969 faciunt
2648 1901 2764 1991 qui

693 2004 993 2069 omnibus
1037 2002 1118 2068 de
1154 2004 1342 2069 rebus
1385 2003 1691 2067 historicis
1735 2018 1921 2088 aeque
1963 2016 2139 2068 certo
2184 2003 2569 2090 firmiterque
2605 2026 2762 2090 pro—

691 2104 1032 2181 nunciant,
1078 2104 1445 2188 nullamque
1487 2102 1554 2166 in
1596 2092 2040 2188 probabilitate
2089 2102 2398 2168 rationem
2439 2103 2763 2191 graduum

604 2189 611 2198 '
689 2218 765 2269 et
793 2204 1164 2268 discriminis
1194 2203 1464 2268 ducunt.

783 2303 991 2391 Igitur
1030 2303 1243 2368 adhuc
1286 2303 1446 2367 mihi
1489 2301 1739 2367 videtur
1775 2301 2121 2384 verifimile,
2157 2303 2525 2392 scriptorem
2561 2303 2764 2393 hujus

692 2403 893 2470 libelli
952 2403 1130 2469 fuiffe
1188 2402 1652 2468 adolescentem
1708 2402 2037 2467 rhetoricis
2091 2403 2320 2469 scholis
2374 2405 2756 2487 institutum,

690 2504 899 2591 primo
927 2504 1100 2591 apud
1134 2504 1293 2569 alios
1321 2502 1671 2590 magistros,
1701 2501 1932 2567 deinde
1961 2502 2130 2591 apud
2160 2503 2593 2586 Plutarchum,
2637 2529 2755 2571 ne-

692 2629 819 2693 que
861 2604 1020 2671 illud
1063 2604 1208 2671 satis
1252 2603 1362 2670 diu
1400 2621 1477 2672 ut
1514 2604 1789 2691 aliquem
1818 2605 1900 2671 ab
1936 2628 2016 2671 eo
2043 2605 2324 2672 colorem
2353 2621 2421 2673 et
2460 2607 2752 2675 habitum

689 2707 1071 2771 contrahere
1112 2705 1336 2792 poffet,
1366 2716 1689 2771 recentem
1732 2704 1930 2793 igitur
1966 2706 2032 2770 in
2073 2706 2404 2773 rhetoricis
2432 2707 2754 2774 Plutarchi

690 2808 921 2873 scholis
952 2808 1352 2895 discipulum,
1396 2805 1812 2895 philosophiae
1839 2808 2051 2874 adhuc
2078 2809 2197 2874 five
2223 2810 2469 2893 rudem,
2502 2808 2617 2875 five
2645 2811 2751 2898 ig-

690 2921 943 2988 harum,
990 2923 1164 2974 certe
1208 2910 1308 2974 vix
1351 2908 1574 2997 primis
1613 2907 1808 2973 initiis
1855 2923 1924 2974 et
1963 2910 2362 2997 protrepticis
2402 2910 2755 2977 rationibus

689 3007 1034 3074 imbutum.
1125 3009 1500 3075 Plutarchus
1546 3008 1712 3073 forte
1757 3008 2003 3074 dederit
2047 3008 2366 3098 discipulis
2411 3011 2634 3092 thesin,
2682 3011 2750 3076 id

678 3110 778 3174 ·est
812 3124 1269 3198 argumentum
1310 3110 1685 3196 scriptioniS,
1728 3109 1849 3174 hac
1888 3110 2184 3190 formula,
2211 3111 2289 3176 Tl
2312 3134 2397 3188 τις
2421 3109 2489 3180 ἂν
2515 3113 2635 3199 ἔχοι
2665 3117 2748 3176 εἲ-

686 3216 803 3279 πέἑν
845 3215 964 3300 περ]
1004 3216 1099 3289 τῆς
1144 3223 1255 3279 τῶν
1300 3211 1598 3301 ἐλευθέρων
1638 3212 1841 3276 παίδων
1889 3214 2141 3299 ἀγωγῆς,
2193 3211 2286 3294 καὶ
2329 3214 2434 3277 τίνι
2467 3215 2757 3302 χρώμενοι

682 3314 942 3377 ’πεδαῗοι
988 3312 1057 3377 ἂν
1094 3317 1207 3389 τοῖς
1247 3315 1460 3402 τρόποις
1505 3312 1804 3394 ἇπὸαῗενς
1858 3313 2023 3378 Haec
2064 3313 2253 3401 plane
2290 3314 2376 3380 est
2413 3315 2748 3382 rhetorum

685 3413 960 3479 formula
986 3414 1049 3479 in
1082 3415 1515 3502 proponendis
1540 3408 2101 3479 Declamationum
2129 3415 2544 3502 argumentis,
2574 3416 2744 3492 Τίνας

685 3515 753 3581 ἂν
781 3517 912 3581 εἴποι
941 3516 1118 3603 λέγεις
1140 3519 1470 3605 Ἀχιλλεὺς,
1499 3515 1598 3581 vel
1624 3516 1807 3581 aliuS.
1861 3515 1985 3582 Sed
2016 3517 2337 3584 Plutarchi
2365 3535 2747 3606 argumenta

687 3615 889 3702 petita
914 3631 1095 3680 erant
1121 3640 1158 3681 e
1186 3615 1582 3704 philosophia
1598 3641 1621 3697 3
1666 3639 1816 3680 nam
1847 3618 2224 3683 rhetoricam
2255 3620 2564 3684 tractabat
2590 3642 2745 3686 cum

686 3715 1086 3802 philosophia
1120 3716 1554 3804 conjunctam,
1600 3730 1778 3782 more
1820 3717 2354 3784 Academicorum
2381 3733 2452 3784 et
2488 3720 2744 3808 Peripa-

685 3815 1026 3882 teticorum
1071 3817 1133 3881 in
1174 3832 1509 3904 utramque
1537 3832 1779 3905 partem
1809 3818 2189 3906 disputandi.
2274 3822 2380 3887 De
2424 3822 2748 3889 rhetorico

684 3916 825 4005 ejus
876 3916 1075 3982 studio
1118 3919 1309 3983 exstat
1353 3918 1540 3984 locus
1589 3920 1653 3984 in
1701 3919 1862 3985 libro
1913 3920 2016 3984 De
2063 3922 2318 3988 Solertia
2369 3923 2747 3989 Animalium

683 4040 752 4105 p.
777 4031 923 4104 959.
953 4017 1035 4086 C.
1081 4039 1273 4104 quem
1316 4020 1383 4084 iu
1428 4020 1823 4108 Fragmentis
1865 4020 2008 4087 libri
2051 4024 2151 4086 De
2199 4024 2515 4089 Venatione
2555 4025 2744 4090 exhi·

682 4119 963 4185 buimus.
1049 4121 1146 4184 Ex
1186 4119 1416 4185 eodem
1456 4138 1693 4207 genere
1735 4122 1881 4187 sunt
1922 4123 2065 4188 libri
2099 4124 2200 4188 De
2229 4126 2427 4189 Primo
2459 4126 2741 4214 Frigido,

664 4220 789 4286 ·De
825 4218 1137 4309 quaestione
1171 4219 1429 4308 Aquane
1465 4244 1548 4285 an
1588 4220 1760 4309 Ignis
1803 4224 2007 4289 utilior
2023 4227 2139 4310 fit,
2179 4226 2280 4290 De
2322 4224 2539 4292 Carnis
2579 4228 2737 4315 Efit,

678 4320 783 4390 De
834 4325 1177 4390 Alexandri
1241 4324 1499 4406 Virtute,
1554 4324 1652 4389 De
1704 4322 2094 4392 Romanorum
2152 4328 2440 4395 Fortuna.
2535 4332 2737 4418 Apud

678 4424 1011 4494 Stobaeum
1054 4427 1184 4497 Tit.
1226 4424 1476 4495 LXIII.
1528 4441 1598 4493 et
1641 4420 1881 4498 LXIV.
1921 4428 1992 4495 in
2037 4428 2530 4498 pulchritudinis
2580 4454 2733 4499 cum
