3067 5225
788 486 1188 550 sumerum
1225 488 1334 549 DE
1373 487 1774 550 AUCTORE.
2216 495 2302 567 49

1189 834 1253 917 §.
1288 853 1346 899 1.

814 977 917 1045 De
945 980 1369 1068 Dssributione
1399 982 1715 1050 Materia.

326 1148 597 1215 Materia
638 1148 709 1214 in
759 1149 1189 1217 distributione
1230 1151 1518 1218 bifariam
1562 1152 1914 1241 spectatur:
1971 1154 2071 1220 vel
2119 1164 2284 1222 tam-

238 1275 431 1337 quam
461 1253 775 1340 disputatio
801 1254 1103 1334 universe,
1138 1255 1321 1342 cujus
1345 1268 1556 1342 partes
1597 1257 1953 1339 censentur,
1985 1258 2285 1340 Exordi0‚

236 1352 658 1434 Tractatione,
689 1353 986 1442 Epilogo,
1015 1354 1150 1420 aliis
1178 1380 1195 1419 ε
1241 1356 1340 1421 vel
1372 1369 1701 1444 tamquam
1745 1358 1876 1444 ipsa
1908 1382 1999 1423 res
2027 1370 2084 1422 et
2110 1383 2285 1446 quae·

211 1453 334 1540 flio
359 1455 767 1542 disputationi
793 1458 1127 1544 proposita,
1158 1481 1303 1545 quae
1339 1458 1424 1523 est
1457 1459 1755 1526 Educatio
1782 1477 2116 1548 puerorum.
2182 1463 2289 1527 De
2385 1527 2392 1538 ,

236 1569 503 1642 utraque
527 1556 830 1644 deinceps
854 1557 1201 1624 videamus.
2243 1555 2248 1562 ’

320 1660 374 1723 1.
425 1658 891 1746 Disputationia
925 1673 1137 1745 partes
1162 1660 1275 1726 suo
1303 1683 1575 1746 quaeque
1601 1662 1829 1726 habitu
1854 1671 1921 1727 et
1944 1660 2142 1726 modo
2168 1661 2285 1726 ali-

234 1780 370 1822 enae
398 1757 547 1823 sunt
579 1781 618 1822 a
657 1759 976 1825 Plutarchi
1003 1760 1462 1826 consuetudine
1489 1774 1558 1825 et
1593 1760 1875 1848 ingenio,
1952 1761 2284 1826 Exordium

230 1858 487 1922 brevius
527 1871 594 1923 et
621 1858 900 1946 jejunius
944 1883 1136 1948 quam
1179 1883 1297 1947 pro
1339 1861 1429 1927 rei
1468 1862 1778 1949 gravitate
1822 1875 1890 1926 et
1926 1876 2283 1945 momento,

228 1953 577 2044 presertim
635 1961 993 2048 principum
1058 1961 1579 2050 philosophorum
1649 1962 1889 2049 scriptia
1953 1962 2284 2050 explicitae.

236 2061 543 2126 Tradatio
585 2085 714 2128 non
758 2062 953 2128 habet
981 2077 1220 2129 certam
1249 2065 1410 2129 viam
1453 2079 1522 2129 et
1562 2066 1913 2132 rationem:
1960 2088 2090 2131 non
2119 2064 2290 2132 adest

234 2163 514 2229 definitio
541 2164 632 2228 rei
658 2165 1014 2251 propofitae,
1060 2187 1189 2229 non
1233 2167 1423 2233 status
1450 2166 1807 2253 quaestionis
1834 2180 1900 2232 et
1924 2165 2288 2233 constitutio

231 2263 380 2344 loci,
410 2279 549 2330 non·
572 2265 957 2351 lingularum
984 2266 1261 2353 partium
1289 2266 1604 2353 majorum
1648 2268 1712 2331 in
1746 2268 2025 2333 minores
2050 2267 2285 2348 divifio,

233 2386 367 2428 non
395 2364 462 2429 in
489 2366 880 2452 argumentis
908 2387 1133 2446 nexus,
1159 2389 1287 2432 non
1317 2367 1383 2431 in
1411 2366 1713 2454 exemplis
1740 2383 1889 2454 apta
1915 2389 2066 2432 cum
2092 2390 2287 2453 argu·

231 2465 463 2530 mentis
488 2466 961 2531 convenientia:
1008 2466 1271 2531 omnino
1298 2465 1628 2531 differendi
1652 2465 1813 2531 ratio
1836 2480 1904 2531 et
1924 2467 2110 2553 copia
2138 2467 2286 2532 Plu-

230 2566 483 2633 tarchoe
523 2566 724 2633 nulla.
806 2566 1097 2655 Epilogus
1121 2568 1347 2649 brevia,
1380 2566 1680 2655 idemque
1720 2589 1870 2633 cum
1915 2565 2289 2655 profeffione

238 2691 308 2732 ac
330 2667 743 2755 pmdifflone
782 2667 1188 2756 conjunctae,
1217 2669 1406 2756 plane
1432 2669 1730 2733 abhorret
1763 2691 1801 2732 a
1829 2669 2287 2734 consuetudine

248 2768 593 2834 Plutarchi:
655 2769 767 2855 qui
812 2791 942 2834 non
986 2769 1214 2848 subito,
1265 2769 1370 2834 sed
1415 2770 1656 2851 senfim,
1704 2791 1744 2834 a
1786 2769 2159 2838 tractatione
2203 2770 2287 2836 ad

246 2870 699 2935 conclusionem
728 2870 1026 2958 progredi
1054 2869 1231 2936 solet.

325 2973 410 3038 11.
452 2971 868 3037 Educationis
891 2984 1101 3059 partes
1127 2971 1281 3037 facit
1303 2985 1595 3058 quatuor,
1618 2974 1850 3059 γένεο-ιν,
1879 2977 2096 3061 τροφὴν,
2123 2977 2285 3056 ἄγω·-

248 3075 362 3154 γῆν,
403 3071 688 3135 παιδείαν.
761 3071 958 3137 Recte
985 3069 1265 3157 quidem.
1338 3071 1465 3137 Sed
1505 3072 1571 3136 in
1607 3072 1681 3137 iis
1708 3070 2093 3158 explicandis
2120 3091 2284 3155 quo·

248 3172 429 3236 modo
468 3172 794 3235 versatur?
842 3171 1246 3258 singularum
1282 3171 1408 3236 vim
1450 3185 1519 3236 et
1562 3186 1852 3239 naturam
1897 3192 2015 3235 nec
2059 3168 2286 3232 defini-

251 3272 403 3337 endo
435 3272 662 3360 aperit,
702 3294 820 3337 nec
859 3270 1265 3367 describendo
1295 3271 1637 3359 fignificat:
1684 3270 2049 3337 earumdem
2076 3283 2288 3355 partes

252 3388 351 3439 ant
375 3375 600 3453 nullae,
630 3386 742 3438 aut
780 3371 1190 3460 pauciflimas,
1234 3387 1453 3437 notat:
1501 3372 1631 3457 ipsa
1657 3370 1949 3436 tractatio
1975 3391 2190 3434 earum
2219 3381 2289 3436 et

252 3476 565 3561 explicatio
591 3474 785 3539 levior
826 3496 1018 3561 quam
1045 3495 1167 3561 pro
1189 3474 1461 3559 ipsarum
1501 3472 1785 3559 pondere
1819 3494 1894 3536 ac
1931 3486 2284 3552 momento,

256 3592 317 3638 et
352 3598 461 3662 pro
500 3575 791 3641 doch-ina
818 3574 959 3661 jam
1004 3575 1085 3639 ab
1130 3572 1404 3659 antiquis
1444 3572 1739 3658 expolita,
1776 3594 1966 3659 quam
2006 3571 2114 3636 iste
2154 3596 2285 3638 non

256 3676 587 3762 cognoviffe
630 3675 908 3741 videtur.
995 3673 1171 3764 Quid
1216 3676 1286 3738 fit
1336 3676 1564 3758 ἀγωγὴ,
1611 3686 1700 3736 et·
1722 3672 1972 3759 qualem
2015 3673 2286 3760 intelligi

257 3776 415 3857 velit,
454 3777 581 3863 ipse
621 3776 956 3863 ignoravit.
1045 3777 1259 3853 Porr0,
1300 3774 1457 3839 fines
1492 3774 1773 3838 materiae
1802 3774 2063 3838 minime
2089 3776 2286 3862 cepit,

253 3878 355 3961 qui
394 3882 521 3966 περὶ
558 3879 777 3942 παίδων
803 3882 1031 3962 &mik
1068 3875 1393 3963 profeffu3‚
1424 3873 1654 3940 deinde
1685 3874 1846 3962 Cap.
1881 3878 2026 3943 XV.
2064 3878 2148 3940 ἐπὶ
2190 3880 2287 3955 τὴν

250 3985 355 4042 τᾶν
379 3980 655 4066 μειρακίων
679 3977 899 4057 malou
927 3978 1265 4042 transeat&
1290 3977 1601 4064 Amphora
1638 3977 1808 4063 caepit
1842 3974 2103 4064 institui3
2148 3997 2285 4039 cur·

254 4090 411 4141 rente
433 4094 551 4144 rota
578 4106 682 4145 cur
707 4102 915 4144 urceus
942 4078 1113 4142 exit?
1157 4075 1284 4142 Sed
1312 4077 1500 4141 semel
1528 4076 1608 4140 ad
1638 4090 1891 4142 aetatem
1921 4076 2283 4140 adolescen-

252 4181 831 4269 tumn-ansgreffus,
861 4201 1055 4266 quare
1083 4201 1210 4244 non
1246 4199 1326 4242 eo
1365 4176 1508 4242 loco
1550 4177 1630 4241 de
1667 4176 2080 4264 philosophiae
2113 4174 2284 4237 insti:-

254 4280 487 4346 tutione
514 4282 693 4368 egit?
742 4304 936 4368 quare
964 4282 1128 4344 hanc
1158 4292 1381 4343 contra
1407 4300 1664 4344 omnem
1696 4276 2113 4363 Antiquitatis
2139 4286 2283 4338 moi-

254 4402 383 4443 rem
426 4384 702 4453 attribuit
732 4383 1019 4472 pueris?
1095 4382 1199 4447 Est
1246 4380 1373 4445 hoc
1423 4380 1712 4467 profecto
1766 4377 1949 4466 ὅςτςον
1997 4375 2283 4464 σςόπρσνζ

348 4501 502 4552 voi..
534 4506 639 4557 vl.
1259 4501 1304 4546 a
