3067 5225
724 415 835 477 DE
872 413 1325 512 AumeNms
1368 415 1663 477 ΡοΕΤιε.
1703 434 1763 494 p.
1791 424 1884 476 14.
1905 414 1991 476 D.
2274 417 2389 481 16³

320 577 675 647 solutiones
702 578 815 646 ubi
849 602 978 649 non
1016 579 1282 666 praebet,
1323 591 1514 645 erunt
1552 576 1681 645 loci
1722 577 1829 643 alii
1873 578 2202 653 contrariae
2243 579 2384 657 sen·
2444 638 2448 647 .

320 684 590 765 tentiae3
641 683 711 748 hi
749 696 1163 771 opponantur
1203 681 1499 751 deteriori
1543 681 1871 749 sententiae
1902 707 1917 746 ι
1955 682 2006 757 ‚fi
2037 678 2212 758 ,nulli
2244 680 2388 748 sunt

319 784 625 849 contrarii
668 783 795 850 loci
836 783 902 849 in
940 783 1074 870 ipso
1115 784 1333 862 Poeta,
1370 782 1700 848 sumantur
1724 805 1804 847 ex
1828 782 1965 847 aliis
1989 781 2231 863 Poetis,
2259 781 2384 848 ho-

320 908 596 973 rumque
625 886 890 952 sanitate
916 886 1085 950 istius
1112 886 1384 974 pravitas
1412 884 1807 953 confutetur.

416 990 500 1054 V.
560 987 756 1077 Quod
808 988 1127 1083 monitum
1176 989 1262 1053 est
1316 986 1481 1085 Cap.
1531 987 1651 1052 IV.
1703 985 1953 1074 adjeeca
1996 986 2387 1072 cognomina

322 1111 456 1155 non
500 1090 646 1154 sunt
688 1087 1105 1183 negligenda·
1163 1086 1413 1153 veluti
1399 1110 1463 1152 m
1508 1087 1660 1166 hoc,
1712 1091 1801 1162 Ως
1841 1090 1960 1174 γὰρ
2000 1084 2385 1151 ἐπεκλώσαντο

317 1191 438 1253 «θεοὶ
465 1192 681 1255 δόλοῖσι
710 1193 899 1278 βροτοῖ
878 1216 978 1271 m,
1020 1188 1185 1255 Ζῶαν
1220 1188 1561 1276 ἀχνυμένοις·
1611 1210 1762 1252 cum
1799 1187 2041 1252 ratione
2066 1186 2250 1253 addit
2274 1191 2383 1255 δα-

318 1295 495 1371 λοῖσι,
524 1292 769 1380 miseris.
842 1292 946 1357 Est
976 1291 1147 1356 enim
1175 1290 1313 1355 haec
1342 1290 1470 1356 sors
1510 1311 1640 1359 non
1685 1287 1976 1355 omnium
2011 1286 2382 1373 hominum,

317 1390 431 1457 fed
458 1393 817 1481 miserorum,
848 1391 916 1457 id
940 1393 1050 1471 est,
1082 1390 1465 1479 instpientium
1491 1402 1559 1456 et
1576 1388 1924 1476 stultorum.

407 1494 525 1559 VI.
582 1492 793 1581 Igitur
832 1491 1211 1559 observanda
1251 1493 1337 1556 est
1376 1491 1692 1557 verborum
1726 1489 2093 1604 corffuetuda,
2120 1513 2250 1556 non
2277 1491 2379 1557 so-

316 1594 459 1660 lum
504 1617 582 1660 ea
632 1617 776 1683 quae
802 1593 1093 1683 pertinet
1131 1593 1215 1659 ad
1250 1591 1739 1683 grammaticam
1782 1589 2120 1669 rationem,
2161 1605 2383 1657 utrum

321 1718 519 1762 unam
574 1697 809 1762 habeat
855 1718 937 1762 an
989 1696 1204 1787 plures
1259 1696 1519 1760 verbum
1574 1693 1911 1759 notiones.
1974 1691 2169 1759 veluti
2215 1693 2379 1774 οἶκος,

290 1796 463 1879 flios,
488 1797 699 1878 ἀλύειν,
726 1797 958 1878 «θοάζειν,
987 1801 1165 1861 αἰνεῖν·
1212 1809 1280 1861 et
1301 1793 1554 1883 glossas,
1584 1817 1728 1881 quae
1763 1793 2090 1873 dicuntur,
2121 1806 2196 1859 ut
2220 1801 2378 1882 ῥιγε-

322 1882 473 1980 Qvi),
520 1900 821 1984 καμμονίη,
862 1898 1077 1964 πότοι·
1124 1895 1231 1963 sed
1269 1919 1348 1962 ea
1385 1896 1451 1960 in
1491 1893 1709 1983 primis
1738 1917 1883 1983 quae
1921 1894 2089 1961 valet
2112 1895 2197 1961 ad
2238 1918 2378 1961 rec·

322 2015 461 2068 tum
516 2000 599 2067 de
640 2000 766 2067 diis
813 2014 881 2067 et
927 2000 1161 2067 virtute
1205 1997 1552 2087 judicium.
1640 1996 1747 2064 Sic
1800 1996 2068 2065 deorum
2118 1996 2382 2062 nomina

320 2102 485 2189 saepe
527 2101 694 2187 ipsos
730 2100 909 2182 deos,
948 2101 1118 2187 saepe
1153 2112 1382 2167 notant
1420 2097 1583 2164 vires
1620 2096 1921 2185 quasdam
1960 2111 2228 2180 naturae,
2266 2113 2382 2171 aut

322 2203 622 2271 humanae
658 2202 804 2269 vitae
848 2216 1082 2291 partes,
1126 2202 1359 2293 quibus
1403 2199 1562 2269 certi
1605 2196 1696 2265 dii
1735 2199 1989 2289 praeesse
2021 2214 2376 2289 putanturz

322 2304 704 2371 Vulcanus
687 2325 931 2393 ignem,
968 2305 1153 2371 Mara
1188 2302 1459 2384 bellum,
1498 2301 1754 2391 Jupiter
1794 2296 2143 2387 fortunam,
2175 2302 2379 2391 siqui-

324 2404 469 2477 dem
497 2421 655 2472 tunc
682 2405 1063 2489 vocabulum
1088 2405 1237 2493 τύχη
1266 2390 1555 2479 nondum
1581 2419 1717 2470 erat
1742 2426 1810 2499 in
1839 2405 1996 2475 usu·
1980 2452 1996 2469 .
2044 2410 2232 2495 ᾄρετῂ,
2263 2433 2375 2471 κα-

282 2513 441 2594 ,ιία,
480 2512 767 2597 εὐδαίμων,
799 2512 1097 2603 μακάριος,
1140 2530 1271 2581 non
1309 2510 1393 2591 ad
1424 2532 1721 2579 normam
1755 2532 1796 2579 a
1836 2507 2233 2598 Philosophia
2274 2510 2375 2578 in·

322 2615 628 2700 stitutam,
669 2640 788 2683 nec
826 2617 1078 2704 proprie
1114 2615 1384 2702 semper,
1418 2612 1530 2686 sed
1567 2636 1688 2702 per
1731 2611 2136 2706 tralationem
2167 2610 2250 2694 de
2277 2612 2376 2696 ef-

323 2717 503 2784 feais
544 2734 614 2787 et
656 2719 898 2786 eventis
944 2720 1175 2810 Irarum
1218 2716 1599 2808 facultatum
1640 2727 1710 2784 et
1748 2713 2159 2812 affectionmn
2193 2717 2375 2786 usur·

320 2835 577 2907 pantur.

403 2924 561 2989 V11.
617 2922 818 2989 Stoici
861 2922 1158 2992 virtutem
1197 2920 1380 3008 supra
1421 2920 1780 3000 humanum
1808 2918 2184 2990 extollentes
2219 2940 2377 3006 cap-

280 3036 485 3107 ,tum,
534 3024 601 3088 in
644 3046 721 3089 ea
762 3025 850 3090 nil
891 3023 1042 3090 mali
1084 3022 1203 3104 effe
1248 3021 1623 3110 pradicant,
1666 3020 1734 3085 in
1767 3020 2019 3090 malitia
2059 3019 2374 3104 ni11boni.

322 3126 533 3192 Poetae
562 3148 678 3213 per
704 3125 910 3213 ipsum
939 3123 1229 3191 imitandi
1255 3123 1537 3210 osticium
1554 3144 1664 3216 res
1692 3121 2005 3192 humanas
2031 3121 2236 3188 verius
2261 3143 2374 3190 ex·

280 3228 629 3316 ,primung
673 3230 842 3295 bona
866 3228 1066 3298 mixta
1108 3225 1326 3294 malis:
1374 3225 1603 3314 nemas
1647 3245 1768 3289 nec
1804 3225 2038 3294 virtute
2076 3245 2196 3291 nec
2240 3224 2373 3288 for-

317 3344 477 3396 tuna
501 3329 727 3396 eadem
754 3344 1066 3418 perpetuo
1093 3341 1348 3404 utentes
1384 3325 1667 3392 faciunt:
1714 3324 1869 3392 deos
1894 3325 2078 3406 adeo,
2105 3324 2219 3392 ubi
2245 3323 2372 3391 hu-

278 3432 525 3504 -manis
576 3431 986 3521 implicantur
1039 3428 1336 3518 negotiiS,
1390 3427 1688 3510 humanis
1736 3428 1894 3518 item
1948 3425 2262 3496 erroribus
2306 3440 2376 3493 et

316 3534 650 3601 affectibus
679 3533 1017 3601 obnoxios.
1063 3532 1191 3597 hoc
1224 3530 1483 3619 quidem
1509 3553 1639 3622 non
1668 3528 1750 3594 ad
1777 3528 2132 3608 veritatem,
2157 3527 2264 3598 sed
2299 3543 2402 3600 ut·

318 3635 521 3699 Poefis
548 3633 725 3700 suam
755 3631 1050 3706 movendi
1073 3613 1582 3730 percellendique
1601 3629 1728 3694 vim
1757 3629 1994 3716 ubique
2018 3629 2329 3714 obtineat.

418 3737 611 3804 VIII.
670 3737 860 3801 Hanc
907 3735 1071 3804 bene
1126 3719 1371 3799 secusve
1422 3730 1696 3818 faciendi
1743 3728 2325 3824 conjunffionem
2303 3756 2374 3802 m

314 3836 683 3904 Homericis
728 3836 1027 3910 heroibus
1078 3834 1267 3902 ineffe
1312 3834 1637 3915 videmus3
1693 3855 1775 3924 ne
1823 3833 1990 3900 forte
2039 3833 2180 3904 illos
2217 3858 2372 3924 per·-

312 3938 520 4005 fafiton
561 3938 856 4005 homines
888 3951 957 4004 et
994 3935 1284 4024 exempla
1308 3936 1576 4018 virtutis
1593 3935 1926 4024 habendos
1961 3951 2150 4024 putet
2179 3936 2370 4026 juve-

314 4040 441 4122 nin,
469 4041 707 4129 sibique
738 4040 988 4129 placeat
1011 4054 1082 4105 et
1114 4037 1476 4126 ingeniosus
1506 4037 1793 4116 videatur
1822 4038 2371 4106 comminiscendis

264 4223 283 4236 .
310 4138 591 4210 honestis
638 4142 883 4230 cauma,
925 4140 1156 4228 quibus
1202 4139 1460 4205 illorum
1506 4161 1838 4232 perperam
1879 4140 2046 4206 facta
2089 4129 2367 4208 excuset.

312 4241 525 4308 Modo
553 4241 746 4323 reae,
787 4240 984 4307 modo
1018 4242 1217 4320 secus,
1248 4240 1516 4321 faciunt,
1532 4239 1860 4321 Achillea,
1889 4242 2366 4332 Agamemnon,

288 4342 610 4428 Phoenix,
636 4343 991 4456 Meleager,
1016 4341 1346 4423 Nausicaa,
1364 4343 1706 4434 Penelope,
1735 4340 2142 4431 Ulyffes.1n
2162 4342 2366 4436 Trag-

1284 4464 1341 4513 Μ
1377 4463 1415 4514 2
