<?xml version="1.0" encoding="UTF-8"?>
<!DOCTYPE html PUBLIC "-//W3C//DTD XHTML 1.0 Transitional//EN"
    "http://www.w3.org/TR/xhtml1/DTD/xhtml1-transitional.dtd">
<html xmlns="http://www.w3.org/1999/xhtml" xml:lang="en" lang="en">
 <head>
  <title>
</title>
<meta http-equiv="Content-Type" content="text/html;charset=utf-8" />
  <meta name='ocr-system' content='tesseract 3.04.00' />
  <meta name='ocr-capabilities' content='ocr_page ocr_carea ocr_par ocr_line ocrx_word'/>
</head>
<body>
  <div class='ocr_page' id='page_1' title='image "./ploutarchoutouc11unkngoog_0021.png"; bbox 0 0 3067 5225; ppageno 0'>
   <div class='ocr_carea' id='block_1_1' title="bbox 544 492 2318 588">
    <p class='ocr_par' dir='ltr' id='par_1_1' title="bbox 544 492 2318 588">
     <span class='ocr_line' id='line_1_1' title="bbox 544 492 2318 588; baseline 0.003 -28"><span class='ocrx_word' id='word_1_1' title='bbox 544 495 651 562; x_wconf 77' lang='lat' dir='ltr'>m</span> <span class='ocrx_word' id='word_1_2' title='bbox 692 492 1221 561; x_wconf 79' lang='lat' dir='ltr'>PLUTARCffl</span> <span class='ocrx_word' id='word_1_3' title='bbox 1264 494 1547 562; x_wconf 80' lang='lat' dir='ltr'><strong>OPERA</strong></span> <span class='ocrx_word' id='word_1_4' title='bbox 1587 494 2044 564; x_wconf 79' lang='lat' dir='ltr'>MoRAL1A.</span> <span class='ocrx_word' id='word_1_5' title='bbox 2241 521 2318 588; x_wconf 77' lang='lat'>13</span> 
     </span>
    </p>
   </div>
   <div class='ocr_carea' id='block_1_2' title="bbox 256 677 2324 1514">
    <p class='ocr_par' dir='ltr' id='par_1_2' title="bbox 256 677 2324 1514">
     <span class='ocr_line' id='line_1_2' title="bbox 256 677 2324 778; baseline 0.002 -27"><span class='ocrx_word' id='word_1_6' title='bbox 256 691 339 752; x_wconf 82' lang='lat' dir='ltr'>et</span> <span class='ocrx_word' id='word_1_7' title='bbox 387 678 631 768; x_wconf 69' lang='lat' dir='ltr'>fida-a,</span> <span class='ocrx_word' id='word_1_8' title='bbox 689 677 1017 752; x_wconf 79' lang='lat' dir='ltr'>eumdem</span> <span class='ocrx_word' id='word_1_9' title='bbox 1076 692 1415 777; x_wconf 78' lang='lat' dir='ltr'>perpetuo</span> <span class='ocrx_word' id='word_1_10' title='bbox 1468 692 1546 753; x_wconf 88' lang='lat' dir='ltr'>et</span> <span class='ocrx_word' id='word_1_11' title='bbox 1602 681 2014 778; x_wconf 86' lang='lat' dir='ltr'>aequabilem</span> <span class='ocrx_word' id='word_1_12' title='bbox 2065 683 2324 755; x_wconf 80' lang='lat' dir='ltr'>tenetis</span> 
     </span>
     <span class='ocr_line' id='line_1_3' title="bbox 261 801 2318 877; baseline 0.001 -3"><span class='ocrx_word' id='word_1_13' title='bbox 261 815 570 874; x_wconf 85' lang='lat' dir='ltr'>motum.</span> <span class='ocrx_word' id='word_1_14' title='bbox 673 801 1035 874; x_wconf 82' lang='lat' dir='ltr'>Caeterum</span> <span class='ocrx_word' id='word_1_15' title='bbox 1076 805 1171 875; x_wconf 75' lang='lat' dir='ltr'>a&#39;b</span> <span class='ocrx_word' id='word_1_16' title='bbox 1220 803 1329 875; x_wconf 84' lang='lat' dir='ltr'>his</span> <span class='ocrx_word' id='word_1_17' title='bbox 1358 803 1708 876; x_wconf 78' lang='lat' dir='ltr'>discedens</span> <span class='ocrx_word' id='word_1_18' title='bbox 1738 829 1821 875; x_wconf 85' lang='lat' dir='ltr'>ac</span> <span class='ocrx_word' id='word_1_19' title='bbox 1852 828 1999 876; x_wconf 87' lang='lat' dir='ltr'>rem</span> <span class='ocrx_word' id='word_1_20' title='bbox 2035 825 2318 877; x_wconf 86' lang='lat' dir='ltr'>mecum</span> 
     </span>
     <span class='ocr_line' id='line_1_4' title="bbox 262 923 2321 1022; baseline 0.001 -27"><span class='ocrx_word' id='word_1_21' title='bbox 262 924 405 1021; x_wconf 87' lang='lat' dir='ltr'>ipse</span> <span class='ocrx_word' id='word_1_22' title='bbox 460 937 814 1021; x_wconf 82' lang='lat' dir='ltr'>reputans,</span> <span class='ocrx_word' id='word_1_23' title='bbox 870 923 1361 1022; x_wconf 78' lang='lat' dir='ltr'>intelligebam.</span> <span class='ocrx_word' id='word_1_24' title='bbox 1396 949 1514 997; x_wconf 88' lang='lat' dir='ltr'>eos</span> <span class='ocrx_word' id='word_1_25' title='bbox 1567 926 1705 997; x_wconf 79' lang='lat' dir='ltr'>effe</span> <span class='ocrx_word' id='word_1_26' title='bbox 1750 925 2073 999; x_wconf 84' lang='lat' dir='ltr'>homines</span> <span class='ocrx_word' id='word_1_27' title='bbox 2119 925 2321 998; x_wconf 88' lang='lat' dir='ltr'>valde</span> 
     </span>
     <span class='ocr_line' id='line_1_5' title="bbox 261 1044 2318 1144; baseline 0.002 -26"><span class='ocrx_word' id='word_1_28' title='bbox 261 1045 665 1136; x_wconf 67' lang='lat' dir='ltr'>laudabiles3</span> <span class='ocrx_word' id='word_1_29' title='bbox 698 1044 1015 1118; x_wconf 84' lang='lat' dir='ltr'>efficaces</span> <span class='ocrx_word' id='word_1_30' title='bbox 1047 1048 1216 1120; x_wconf 86' lang='lat' dir='ltr'>item</span> <span class='ocrx_word' id='word_1_31' title='bbox 1249 1060 1323 1119; x_wconf 86' lang='lat' dir='ltr'>et</span> <span class='ocrx_word' id='word_1_32' title='bbox 1356 1047 1562 1121; x_wconf 82' lang='lat' dir='ltr'>utiles</span> <span class='ocrx_word' id='word_1_33' title='bbox 1592 1048 1681 1120; x_wconf 81' lang='lat' dir='ltr'>ad</span> <span class='ocrx_word' id='word_1_34' title='bbox 1715 1048 2120 1144; x_wconf 82' lang='lat' dir='ltr'>quotidiana</span> <span class='ocrx_word' id='word_1_35' title='bbox 2148 1051 2318 1123; x_wconf 76' lang='lat' dir='ltr'>vitae</span> 
     </span>
     <span class='ocr_line' id='line_1_6' title="bbox 264 1168 2316 1268; baseline 0.001 -28"><span class='ocrx_word' id='word_1_36' title='bbox 264 1169 551 1266; x_wconf 74' lang='lat' dir='ltr'>negotia</span> <span class='ocrx_word' id='word_1_37' title='bbox 575 1193 747 1242; x_wconf 87' lang='lat' dir='ltr'>cum</span> <span class='ocrx_word' id='word_1_38' title='bbox 781 1168 1161 1268; x_wconf 30' lang='lat' dir='ltr'>domestica·</span> <span class='ocrx_word' id='word_1_39' title='bbox 1185 1182 1263 1242; x_wconf 85' lang='lat' dir='ltr'>et</span> <span class='ocrx_word' id='word_1_40' title='bbox 1306 1168 1604 1267; x_wconf 73' lang='lat' dir='ltr'>publica,</span> <span class='ocrx_word' id='word_1_41' title='bbox 1653 1183 1805 1244; x_wconf 85' lang='lat' dir='ltr'>tum</span> <span class='ocrx_word' id='word_1_42' title='bbox 1841 1173 2053 1244; x_wconf 82' lang='lat' dir='ltr'>etiam</span> <span class='ocrx_word' id='word_1_43' title='bbox 2089 1170 2316 1242; x_wconf 84' lang='lat' dir='ltr'>litera-</span> 
     </span>
     <span class='ocr_line' id='line_1_7' title="bbox 264 1290 2318 1390; baseline 0.002 -28"><span class='ocrx_word' id='word_1_44' title='bbox 264 1291 387 1377; x_wconf 84' lang='lat' dir='ltr'>ria,</span> <span class='ocrx_word' id='word_1_45' title='bbox 431 1291 667 1364; x_wconf 82' lang='lat' dir='ltr'>minus</span> <span class='ocrx_word' id='word_1_46' title='bbox 714 1303 955 1363; x_wconf 84' lang='lat' dir='ltr'>tamen</span> <span class='ocrx_word' id='word_1_47' title='bbox 1005 1290 1092 1362; x_wconf 85' lang='lat' dir='ltr'>ad</span> <span class='ocrx_word' id='word_1_48' title='bbox 1139 1294 1419 1390; x_wconf 54' lang='lat' dir='ltr'>effegia</span> <span class='ocrx_word' id='word_1_49' title='bbox 1463 1302 1539 1363; x_wconf 86' lang='lat' dir='ltr'>et</span> <span class='ocrx_word' id='word_1_50' title='bbox 1583 1291 1848 1365; x_wconf 85' lang='lat' dir='ltr'>insolita</span> <span class='ocrx_word' id='word_1_51' title='bbox 1876 1316 2130 1390; x_wconf 82' lang='lat' dir='ltr'>opera:</span> <span class='ocrx_word' id='word_1_52' title='bbox 2181 1318 2318 1366; x_wconf 85' lang='lat' dir='ltr'>nec</span> 
     </span>
     <span class='ocr_line' id='line_1_8' title="bbox 263 1411 2316 1514; baseline 0.002 -30"><span class='ocrx_word' id='word_1_53' title='bbox 263 1411 423 1484; x_wconf 84' lang='lat' dir='ltr'>sane</span> <span class='ocrx_word' id='word_1_54' title='bbox 456 1412 678 1486; x_wconf 83' lang='lat' dir='ltr'>ullum</span> <span class='ocrx_word' id='word_1_55' title='bbox 710 1436 957 1485; x_wconf 82' lang='lat' dir='ltr'>eorum</span> <span class='ocrx_word' id='word_1_56' title='bbox 991 1437 1079 1485; x_wconf 83' lang='lat' dir='ltr'>ex</span> <span class='ocrx_word' id='word_1_57' title='bbox 1123 1414 1261 1485; x_wconf 87' lang='lat' dir='ltr'>hoc</span> <span class='ocrx_word' id='word_1_58' title='bbox 1291 1437 1550 1512; x_wconf 83' lang='lat' dir='ltr'>genere</span> <span class='ocrx_word' id='word_1_59' title='bbox 1575 1439 1775 1514; x_wconf 86' lang='lat' dir='ltr'>opus,</span> <span class='ocrx_word' id='word_1_60' title='bbox 1812 1418 2127 1513; x_wconf 87' lang='lat' dir='ltr'>quamvis</span> <span class='ocrx_word' id='word_1_61' title='bbox 2158 1415 2316 1488; x_wconf 83' lang='lat' dir='ltr'>dili-</span> 
     </span>
    </p>
   </div>
   <div class='ocr_carea' id='block_1_3' title="bbox 257 1536 2450 1633">
    <p class='ocr_par' dir='ltr' id='par_1_3' title="bbox 257 1536 2450 1633">
     <span class='ocr_line' id='line_1_9' title="bbox 257 1536 2450 1633; baseline 0.001 -26"><span class='ocrx_word' id='word_1_62' title='bbox 257 1547 510 1632; x_wconf 70' lang='lat' dir='ltr'>genta·</span> <span class='ocrx_word' id='word_1_63' title='bbox 545 1558 891 1631; x_wconf 57' lang='grc' dir='ltr'>(ψει-ους,</span> <span class='ocrx_word' id='word_1_64' title='bbox 940 1537 1400 1632; x_wconf 68' lang='lat' dir='ltr'>reperiebam:</span> <span class='ocrx_word' id='word_1_65' title='bbox 1454 1538 1692 1633; x_wconf 84' lang='lat' dir='ltr'>itaque</span> <span class='ocrx_word' id='word_1_66' title='bbox 1732 1561 1876 1626; x_wconf 72' lang='lat' dir='ltr'>eoa,</span> <span class='ocrx_word' id='word_1_67' title='bbox 1923 1540 1995 1610; x_wconf 91' lang='lat' dir='ltr'>in</span> <span class='ocrx_word' id='word_1_68' title='bbox 2043 1536 2320 1610; x_wconf 88' lang='lat' dir='ltr'>summo</span> <span class='ocrx_word' id='word_1_69' title='bbox 2439 1589 2450 1594; x_wconf 85' lang='lat'><em>-</em></span> 
     </span>
    </p>
   </div>
   <div class='ocr_carea' id='block_1_4' title="bbox 250 1656 2321 4441">
    <p class='ocr_par' dir='ltr' id='par_1_4' title="bbox 258 1656 2316 1973">
     <span class='ocr_line' id='line_1_10' title="bbox 258 1656 2316 1753; baseline -0 -24"><span class='ocrx_word' id='word_1_70' title='bbox 258 1656 378 1729; x_wconf 82' lang='lat' dir='ltr'>ino</span> <span class='ocrx_word' id='word_1_71' title='bbox 419 1657 687 1745; x_wconf 80' lang='lat' dir='ltr'>ordine,</span> <span class='ocrx_word' id='word_1_72' title='bbox 732 1657 870 1729; x_wconf 85' lang='lat' dir='ltr'>hoc</span> <span class='ocrx_word' id='word_1_73' title='bbox 916 1656 1162 1753; x_wconf 83' lang='lat' dir='ltr'>ipsum,</span> <span class='ocrx_word' id='word_1_74' title='bbox 1208 1670 1293 1731; x_wconf 84' lang='lat' dir='ltr'>ut</span> <span class='ocrx_word' id='word_1_75' title='bbox 1336 1660 1434 1730; x_wconf 84' lang='lat' dir='ltr'>ita</span> <span class='ocrx_word' id='word_1_76' title='bbox 1474 1658 1728 1745; x_wconf 87' lang='lat' dir='ltr'>dicam,</span> <span class='ocrx_word' id='word_1_77' title='bbox 1777 1659 2102 1730; x_wconf 86' lang='lat' dir='ltr'>homines</span> <span class='ocrx_word' id='word_1_78' title='bbox 2131 1657 2316 1728; x_wconf 83' lang='lat' dir='ltr'>ordi-</span> 
     </span>
     <span class='ocr_line' id='line_1_11' title="bbox 258 1776 2316 1877; baseline 0 -26"><span class='ocrx_word' id='word_1_79' title='bbox 258 1779 491 1854; x_wconf 78' lang='lat' dir='ltr'>uarios</span> <span class='ocrx_word' id='word_1_80' title='bbox 523 1781 683 1868; x_wconf 78' lang='lat' dir='ltr'>effe,</span> <span class='ocrx_word' id='word_1_81' title='bbox 715 1792 840 1852; x_wconf 81' lang='lat' dir='ltr'>aut</span> <span class='ocrx_word' id='word_1_82' title='bbox 871 1781 1107 1877; x_wconf 84' lang='lat' dir='ltr'>potius</span> <span class='ocrx_word' id='word_1_83' title='bbox 1154 1779 1299 1852; x_wconf 87' lang='lat' dir='ltr'>fine</span> <span class='ocrx_word' id='word_1_84' title='bbox 1341 1778 1459 1852; x_wconf 87' lang='lat' dir='ltr'>illo</span> <span class='ocrx_word' id='word_1_85' title='bbox 1500 1777 1746 1849; x_wconf 86' lang='lat' dir='ltr'>ordine</span> <span class='ocrx_word' id='word_1_86' title='bbox 1777 1778 2007 1852; x_wconf 88' lang='lat' dir='ltr'>nullos</span> <span class='ocrx_word' id='word_1_87' title='bbox 2038 1776 2316 1852; x_wconf 74' lang='lat' dir='ltr'>futuros</span> 
     </span>
     <span class='ocr_line' id='line_1_12' title="bbox 258 1900 1101 1973; baseline 0 -1"><span class='ocrx_word' id='word_1_88' title='bbox 258 1900 492 1973; x_wconf 79' lang='lat' dir='ltr'>fnisse.</span> <span class='ocrx_word' id='word_1_89' title='bbox 929 1937 939 1956; x_wconf 90' lang='lat'><em>·</em></span> <span class='ocrx_word' id='word_1_90' title='bbox 1087 1941 1101 1954; x_wconf 79' lang='lat'><strong>·</strong></span> 
     </span>
    </p>

    <p class='ocr_par' dir='ltr' id='par_1_5' title="bbox 250 2022 2321 4441">
     <span class='ocr_line' id='line_1_13' title="bbox 380 2022 2317 2121; baseline -0.001 -25"><span class='ocrx_word' id='word_1_91' title='bbox 380 2023 641 2121; x_wconf 75' lang='lat' dir='ltr'>Neque</span> <span class='ocrx_word' id='word_1_92' title='bbox 688 2048 855 2098; x_wconf 81' lang='lat' dir='ltr'>vero</span> <span class='ocrx_word' id='word_1_93' title='bbox 902 2024 1003 2097; x_wconf 62' lang='lat' dir='ltr'>ita</span> <span class='ocrx_word' id='word_1_94' title='bbox 1051 2024 1191 2098; x_wconf 89' lang='lat' dir='ltr'>hoc</span> <span class='ocrx_word' id='word_1_95' title='bbox 1240 2022 1422 2112; x_wconf 89' lang='lat' dir='ltr'>dico,</span> <span class='ocrx_word' id='word_1_96' title='bbox 1475 2047 1560 2095; x_wconf 87' lang='lat' dir='ltr'>ac</span> <span class='ocrx_word' id='word_1_97' title='bbox 1614 2022 1668 2096; x_wconf 89' lang='lat' dir='ltr'><strong>fi</strong></span> <span class='ocrx_word' id='word_1_98' title='bbox 1722 2023 2038 2096; x_wconf 86' lang='lat' dir='ltr'>ordinem</span> <span class='ocrx_word' id='word_1_99' title='bbox 2092 2025 2317 2120; x_wconf 82' lang='lat' dir='ltr'>magis</span> 
     </span>
     <span class='ocr_line' id='line_1_14' title="bbox 257 2145 2315 2242; baseline -0.001 -22"><span class='ocrx_word' id='word_1_100' title='bbox 257 2145 753 2220; x_wconf 69' lang='lat' dir='ltr'>mdiocritatis</span> <span class='ocrx_word' id='word_1_101' title='bbox 804 2171 1022 2242; x_wconf 86' lang='lat' dir='ltr'>quam</span> <span class='ocrx_word' id='word_1_102' title='bbox 1072 2146 1502 2220; x_wconf 80' lang='lat' dir='ltr'>excellentiae</span> <span class='ocrx_word' id='word_1_103' title='bbox 1551 2145 1955 2218; x_wconf 60' lang='lat' dir='ltr'>effeelorem</span> <span class='ocrx_word' id='word_1_104' title='bbox 2003 2145 2147 2218; x_wconf 81' lang='lat' dir='ltr'>effe</span> <span class='ocrx_word' id='word_1_105' title='bbox 2191 2170 2315 2218; x_wconf 86' lang='lat' dir='ltr'>ex-</span> 
     </span>
     <span class='ocr_line' id='line_1_15' title="bbox 256 2268 2316 2366; baseline -0.001 -24"><span class='ocrx_word' id='word_1_106' title='bbox 256 2269 583 2342; x_wconf 83' lang='lat' dir='ltr'>istimem.</span> <span class='ocrx_word' id='word_1_107' title='bbox 681 2268 877 2342; x_wconf 86' lang='lat' dir='ltr'>Nam</span> <span class='ocrx_word' id='word_1_108' title='bbox 911 2268 1184 2342; x_wconf 88' lang='lat' dir='ltr'>nullum</span> <span class='ocrx_word' id='word_1_109' title='bbox 1227 2270 1325 2344; x_wconf 85' lang='lat' dir='ltr'>est</span> <span class='ocrx_word' id='word_1_110' title='bbox 1367 2280 1647 2342; x_wconf 84' lang='lat' dir='ltr'>tanturn</span> <span class='ocrx_word' id='word_1_111' title='bbox 1681 2269 2074 2366; x_wconf 81' lang='lat' dir='ltr'>ingenium,</span> <span class='ocrx_word' id='word_1_112' title='bbox 2110 2279 2194 2340; x_wconf 88' lang='lat' dir='ltr'>ut</span> <span class='ocrx_word' id='word_1_113' title='bbox 2224 2268 2316 2340; x_wconf 86' lang='lat' dir='ltr'>ad</span> 
     </span>
     <span class='ocr_line' id='line_1_16' title="bbox 255 2388 2314 2489; baseline 0 -27"><span class='ocrx_word' id='word_1_114' title='bbox 255 2389 663 2466; x_wconf 73' lang='lat' dir='ltr'>discendum</span> <span class='ocrx_word' id='word_1_115' title='bbox 696 2390 1421 2489; x_wconf 83' lang='lat' dir='ltr'>progrediendumque</span> <span class='ocrx_word' id='word_1_116' title='bbox 1466 2390 1610 2462; x_wconf 89' lang='lat' dir='ltr'>fine</span> <span class='ocrx_word' id='word_1_117' title='bbox 1655 2390 1899 2462; x_wconf 87' lang='lat' dir='ltr'>ordine</span> <span class='ocrx_word' id='word_1_118' title='bbox 1930 2388 2314 2485; x_wconf 79' lang='lat' dir='ltr'>quidquam</span> 
     </span>
     <span class='ocr_line' id='line_1_17' title="bbox 254 2509 2314 2611; baseline -0.001 -25"><span class='ocrx_word' id='word_1_119' title='bbox 254 2536 681 2611; x_wconf 81' lang='lat' dir='ltr'>magnopere</span> <span class='ocrx_word' id='word_1_120' title='bbox 710 2513 937 2586; x_wconf 81' lang='lat' dir='ltr'>valeat</span> <span class='ocrx_word' id='word_1_121' title='bbox 964 2535 995 2586; x_wconf 69' lang='grc' dir='ltr'>ε,</span> <span class='ocrx_word' id='word_1_122' title='bbox 1038 2523 1115 2585; x_wconf 86' lang='lat' dir='ltr'>et</span> <span class='ocrx_word' id='word_1_123' title='bbox 1162 2512 1303 2610; x_wconf 86' lang='lat' dir='ltr'>ipse</span> <span class='ocrx_word' id='word_1_124' title='bbox 1348 2537 1465 2586; x_wconf 87' lang='lat' dir='ltr'>me</span> <span class='ocrx_word' id='word_1_125' title='bbox 1508 2513 1583 2584; x_wconf 91' lang='lat' dir='ltr'>in</span> <span class='ocrx_word' id='word_1_126' title='bbox 1615 2509 2038 2584; x_wconf 81' lang='lat' dir='ltr'>Praefatione</span> <span class='ocrx_word' id='word_1_127' title='bbox 2085 2535 2154 2607; x_wconf 88' lang='lat' dir='ltr'>p.</span> <span class='ocrx_word' id='word_1_128' title='bbox 2192 2521 2314 2584; x_wconf 86' lang='grc'>33.</span> 
     </span>
     <span class='ocr_line' id='line_1_18' title="bbox 252 2632 2317 2733; baseline 0 -25"><span class='ocrx_word' id='word_1_129' title='bbox 252 2634 591 2733; x_wconf 74' lang='lat' dir='ltr'>profefl‘us</span> <span class='ocrx_word' id='word_1_130' title='bbox 648 2636 799 2709; x_wconf 87' lang='lat' dir='ltr'>sum</span> <span class='ocrx_word' id='word_1_131' title='bbox 855 2648 931 2715; x_wconf 81' lang='lat' dir='ltr'>et</span> <span class='ocrx_word' id='word_1_132' title='bbox 974 2635 1206 2709; x_wconf 89' lang='lat' dir='ltr'>adhue</span> <span class='ocrx_word' id='word_1_133' title='bbox 1256 2636 1585 2733; x_wconf 86' lang='lat' dir='ltr'>profiteor</span> <span class='ocrx_word' id='word_1_134' title='bbox 1639 2657 1787 2707; x_wconf 89' lang='lat' dir='ltr'>non</span> <span class='ocrx_word' id='word_1_135' title='bbox 1837 2634 1914 2706; x_wconf 87' lang='lat' dir='ltr'>in</span> <span class='ocrx_word' id='word_1_136' title='bbox 1963 2632 2317 2709; x_wconf 82' lang='lat' dir='ltr'>velocibus</span> 
     </span>
     <span class='ocr_line' id='line_1_19' title="bbox 254 2755 2314 2857; baseline -0.001 -25"><span class='ocrx_word' id='word_1_137' title='bbox 254 2760 581 2857; x_wconf 66' lang='lat' dir='ltr'>ingeniis»,</span> <span class='ocrx_word' id='word_1_138' title='bbox 616 2757 733 2831; x_wconf 87' lang='lat' dir='ltr'>sed</span> <span class='ocrx_word' id='word_1_139' title='bbox 779 2760 854 2830; x_wconf 88' lang='lat' dir='ltr'>in</span> <span class='ocrx_word' id='word_1_140' title='bbox 886 2758 1119 2846; x_wconf 81' lang='lat' dir='ltr'>tardis,</span> <span class='ocrx_word' id='word_1_141' title='bbox 1167 2783 1329 2854; x_wconf 82' lang='lat' dir='ltr'>quae</span> <span class='ocrx_word' id='word_1_142' title='bbox 1379 2756 1615 2830; x_wconf 88' lang='lat' dir='ltr'>labore</span> <span class='ocrx_word' id='word_1_143' title='bbox 1662 2768 1736 2829; x_wconf 88' lang='lat' dir='ltr'>et</span> <span class='ocrx_word' id='word_1_144' title='bbox 1777 2755 2023 2829; x_wconf 86' lang='lat' dir='ltr'>ordine</span> <span class='ocrx_word' id='word_1_145' title='bbox 2069 2756 2314 2830; x_wconf 83' lang='lat' dir='ltr'>nitun-</span> 
     </span>
     <span class='ocr_line' id='line_1_20' title="bbox 256 2878 2316 2978; baseline -0 -26"><span class='ocrx_word' id='word_1_146' title='bbox 256 2894 393 2954; x_wconf 86' lang='lat' dir='ltr'><strong>tur.</strong></span> <span class='ocrx_word' id='word_1_147' title='bbox 494 2881 601 2954; x_wconf 88' lang='lat' dir='ltr'>Et</span> <span class='ocrx_word' id='word_1_148' title='bbox 632 2879 880 2953; x_wconf 82' lang='lat' dir='ltr'>vellem</span> <span class='ocrx_word' id='word_1_149' title='bbox 918 2879 1075 2953; x_wconf 83' lang='lat' dir='ltr'>sane</span> <span class='ocrx_word' id='word_1_150' title='bbox 1105 2880 1369 2953; x_wconf 85' lang='lat' dir='ltr'>ordinis</span> <span class='ocrx_word' id='word_1_151' title='bbox 1400 2879 1628 2978; x_wconf 83' lang='lat' dir='ltr'>legem</span> <span class='ocrx_word' id='word_1_152' title='bbox 1662 2878 2091 2952; x_wconf 84' lang='lat' dir='ltr'>constantius</span> <span class='ocrx_word' id='word_1_153' title='bbox 2124 2878 2316 2975; x_wconf 88' lang='lat' dir='ltr'>sequi</span> 
     </span>
     <span class='ocr_line' id='line_1_21' title="bbox 254 2999 2311 3100; baseline -0.001 -25"><span class='ocrx_word' id='word_1_154' title='bbox 254 3004 563 3099; x_wconf 76' lang='lat' dir='ltr'>poss&#39;em:</span> <span class='ocrx_word' id='word_1_155' title='bbox 616 3001 733 3075; x_wconf 85' lang='lat' dir='ltr'>sed</span> <span class='ocrx_word' id='word_1_156' title='bbox 781 3001 1062 3100; x_wconf 83' lang='lat' dir='ltr'>quando</span> <span class='ocrx_word' id='word_1_157' title='bbox 1110 3014 1256 3074; x_wconf 82' lang='lat' dir='ltr'>non</span> <span class='ocrx_word' id='word_1_158' title='bbox 1308 3002 1667 3099; x_wconf 74' lang='lat' dir='ltr'>possumus</span> <span class='ocrx_word' id='word_1_159' title='bbox 1716 3000 1908 3099; x_wconf 90' lang='lat' dir='ltr'>quod</span> <span class='ocrx_word' id='word_1_160' title='bbox 1958 2999 2311 3088; x_wconf 75' lang='lat' dir='ltr'>volumu8,</span> 
     </span>
     <span class='ocr_line' id='line_1_22' title="bbox 254 3121 2318 3223; baseline -0.002 -26"><span class='ocrx_word' id='word_1_161' title='bbox 254 3121 594 3198; x_wconf 80' lang='lat' dir='ltr'>debemus</span> <span class='ocrx_word' id='word_1_162' title='bbox 645 3124 819 3197; x_wconf 79' lang='lat' dir='ltr'>velle</span> <span class='ocrx_word' id='word_1_163' title='bbox 874 3137 949 3197; x_wconf 87' lang='lat' dir='ltr'>et</span> <span class='ocrx_word' id='word_1_164' title='bbox 1000 3148 1207 3223; x_wconf 85' lang='lat' dir='ltr'>agere</span> <span class='ocrx_word' id='word_1_165' title='bbox 1267 3123 1460 3221; x_wconf 91' lang='lat' dir='ltr'>quod</span> <span class='ocrx_word' id='word_1_166' title='bbox 1516 3125 1900 3222; x_wconf 75' lang='lat' dir='ltr'>poss&#39;umuS,</span> <span class='ocrx_word' id='word_1_167' title='bbox 1960 3121 2318 3194; x_wconf 82' lang='lat' dir='ltr'>observare</span> 
     </span>
     <span class='ocr_line' id='line_1_23' title="bbox 257 3244 2317 3344; baseline -0.002 -24"><span class='ocrx_word' id='word_1_168' title='bbox 257 3259 651 3344; x_wconf 86' lang='lat' dir='ltr'>opportuna</span> <span class='ocrx_word' id='word_1_169' title='bbox 693 3246 784 3319; x_wconf 86' lang='lat' dir='ltr'>ad</span> <span class='ocrx_word' id='word_1_170' title='bbox 828 3245 1180 3344; x_wconf 83' lang='lat' dir='ltr'>agendum</span> <span class='ocrx_word' id='word_1_171' title='bbox 1226 3258 1561 3343; x_wconf 85' lang='lat' dir='ltr'>tempora,</span> <span class='ocrx_word' id='word_1_172' title='bbox 1610 3246 1730 3318; x_wconf 88' lang='lat' dir='ltr'>ubi</span> <span class='ocrx_word' id='word_1_173' title='bbox 1761 3244 2046 3319; x_wconf 81' lang='lat' dir='ltr'>excitari</span> <span class='ocrx_word' id='word_1_174' title='bbox 2078 3265 2208 3315; x_wconf 87' lang='lat' dir='ltr'>nos</span> <span class='ocrx_word' id='word_1_175' title='bbox 2239 3256 2317 3315; x_wconf 83' lang='lat' dir='ltr'>et</span> 
     </span>
     <span class='ocr_line' id='line_1_24' title="bbox 252 3366 2318 3461; baseline -0.002 -21"><span class='ocrx_word' id='word_1_176' title='bbox 252 3367 621 3441; x_wconf 78' lang='lat' dir='ltr'>alacriores</span> <span class='ocrx_word' id='word_1_177' title='bbox 668 3368 759 3443; x_wconf 86' lang='lat' dir='ltr'>ad</span> <span class='ocrx_word' id='word_1_178' title='bbox 807 3367 1113 3441; x_wconf 81' lang='lat' dir='ltr'>laborem</span> <span class='ocrx_word' id='word_1_179' title='bbox 1156 3366 1305 3443; x_wconf 86' lang='lat' dir='ltr'>fieri</span> <span class='ocrx_word' id='word_1_180' title='bbox 1357 3368 1715 3455; x_wconf 72' lang='lat' dir='ltr'>sentimuS,</span> <span class='ocrx_word' id='word_1_181' title='bbox 1749 3388 1970 3460; x_wconf 66' lang='lat' dir='ltr'>enque</span> <span class='ocrx_word' id='word_1_182' title='bbox 2002 3376 2318 3461; x_wconf 83' lang='lat' dir='ltr'>tempora</span> 
     </span>
     <span class='ocr_line' id='line_1_25' title="bbox 254 3485 2313 3585; baseline -0.001 -24"><span class='ocrx_word' id='word_1_183' title='bbox 254 3489 479 3563; x_wconf 87' lang='lat' dir='ltr'>subito</span> <span class='ocrx_word' id='word_1_184' title='bbox 512 3489 580 3562; x_wconf 91' lang='lat' dir='ltr'>se</span> <span class='ocrx_word' id='word_1_185' title='bbox 608 3489 975 3562; x_wconf 84' lang='lat' dir='ltr'>offerentia</span> <span class='ocrx_word' id='word_1_186' title='bbox 1018 3488 1245 3561; x_wconf 86' lang='lat' dir='ltr'>subito</span> <span class='ocrx_word' id='word_1_187' title='bbox 1284 3492 1578 3585; x_wconf 85' lang='lat' dir='ltr'>arripere</span> <span class='ocrx_word' id='word_1_188' title='bbox 1613 3511 1695 3558; x_wconf 89' lang='lat' dir='ltr'>ac</span> <span class='ocrx_word' id='word_1_189' title='bbox 1740 3485 1954 3583; x_wconf 84' lang='lat' dir='ltr'>sequi,</span> <span class='ocrx_word' id='word_1_190' title='bbox 1988 3485 2313 3583; x_wconf 78' lang='lat' dir='ltr'>sepofitiS‚</span> 
     </span>
     <span class='ocr_line' id='line_1_26' title="bbox 250 3607 2316 3709; baseline -0.002 -24"><span class='ocrx_word' id='word_1_191' title='bbox 250 3612 486 3709; x_wconf 88' lang='lat' dir='ltr'>quoad</span> <span class='ocrx_word' id='word_1_192' title='bbox 515 3616 671 3707; x_wconf 74' lang='lat' dir='ltr'>eJus</span> <span class='ocrx_word' id='word_1_193' title='bbox 701 3612 852 3685; x_wconf 84' lang='lat' dir='ltr'>fieri</span> <span class='ocrx_word' id='word_1_194' title='bbox 885 3611 1132 3708; x_wconf 86' lang='lat' dir='ltr'>potest,</span> <span class='ocrx_word' id='word_1_195' title='bbox 1162 3610 1520 3685; x_wconf 77' lang='lat' dir='ltr'>ordinariis</span> <span class='ocrx_word' id='word_1_196' title='bbox 1554 3608 1878 3706; x_wconf 86' lang='lat' dir='ltr'>negotiis.</span> <span class='ocrx_word' id='word_1_197' title='bbox 1962 3607 2316 3706; x_wconf 88' lang='lat' dir='ltr'>Equidem</span> 
     </span>
     <span class='ocr_line' id='line_1_27' title="bbox 250 3724 2315 3831; baseline -0.002 -24"><span class='ocrx_word' id='word_1_198' title='bbox 250 3759 395 3830; x_wconf 87' lang='lat' dir='ltr'>quo</span> <span class='ocrx_word' id='word_1_199' title='bbox 430 3736 656 3831; x_wconf 78' lang='lat' dir='ltr'>magis</span> <span class='ocrx_word' id='word_1_200' title='bbox 689 3733 789 3806; x_wconf 84' lang='lat' dir='ltr'>illi</span> <span class='ocrx_word' id='word_1_201' title='bbox 831 3726 1045 3827; x_wconf 70' lang='grc' dir='ltr'>γνᾶθι</span> <span class='ocrx_word' id='word_1_202' title='bbox 1082 3724 1368 3805; x_wconf 71' lang='grc' dir='ltr'>σεαυτὸν</span> <span class='ocrx_word' id='word_1_203' title='bbox 1401 3729 1667 3820; x_wconf 89' lang='lat' dir='ltr'>stude0‚</span> <span class='ocrx_word' id='word_1_204' title='bbox 1702 3755 1789 3803; x_wconf 87' lang='lat' dir='ltr'>eo</span> <span class='ocrx_word' id='word_1_205' title='bbox 1823 3732 2048 3830; x_wconf 82' lang='lat' dir='ltr'>magis</span> <span class='ocrx_word' id='word_1_206' title='bbox 2082 3753 2315 3803; x_wconf 80' lang='lat' dir='ltr'>meam</span> 
     </span>
     <span class='ocr_line' id='line_1_28' title="bbox 254 3853 2320 3953; baseline -0.002 -25"><span class='ocrx_word' id='word_1_207' title='bbox 254 3855 391 3953; x_wconf 82' lang='lat' dir='ltr'>ipse</span> <span class='ocrx_word' id='word_1_208' title='bbox 457 3855 1012 3928; x_wconf 84' lang='lat' dir='ltr'>mediocritatem</span> <span class='ocrx_word' id='word_1_209' title='bbox 1065 3855 1414 3953; x_wconf 83' lang='lat' dir='ltr'>agnosco3</span> <span class='ocrx_word' id='word_1_210' title='bbox 1492 3856 1760 3951; x_wconf 84' lang='lat' dir='ltr'>reperio</span> <span class='ocrx_word' id='word_1_211' title='bbox 1814 3877 2057 3926; x_wconf 89' lang='lat' dir='ltr'>meum</span> <span class='ocrx_word' id='word_1_212' title='bbox 2118 3853 2320 3951; x_wconf 82' lang='lat' dir='ltr'>inge·</span> 
     </span>
     <span class='ocr_line' id='line_1_29' title="bbox 254 3975 2318 4075; baseline -0.001 -27"><span class='ocrx_word' id='word_1_213' title='bbox 254 3979 458 4049; x_wconf 87' lang='lat' dir='ltr'>nium</span> <span class='ocrx_word' id='word_1_214' title='bbox 507 3978 581 4049; x_wconf 88' lang='lat' dir='ltr'>in</span> <span class='ocrx_word' id='word_1_215' title='bbox 621 3977 851 4050; x_wconf 86' lang='lat' dir='ltr'>media</span> <span class='ocrx_word' id='word_1_216' title='bbox 900 3977 1203 4075; x_wconf 78' lang='lat' dir='ltr'>quadam</span> <span class='ocrx_word' id='word_1_217' title='bbox 1250 3976 1452 4049; x_wconf 82' lang='lat' dir='ltr'>claffe</span> <span class='ocrx_word' id='word_1_218' title='bbox 1499 3975 1785 4049; x_wconf 80' lang='lat' dir='ltr'>versari=</span> <span class='ocrx_word' id='word_1_219' title='bbox 1837 3998 2065 4071; x_wconf 90' lang='lat' dir='ltr'>neque</span> <span class='ocrx_word' id='word_1_220' title='bbox 2100 3975 2173 4045; x_wconf 89' lang='lat' dir='ltr'>in</span> <span class='ocrx_word' id='word_1_221' title='bbox 2208 3976 2318 4046; x_wconf 87' lang='lat' dir='ltr'>in·</span> 
     </span>
     <span class='ocr_line' id='line_1_30' title="bbox 260 4094 2320 4197; baseline -0.002 -27"><span class='ocrx_word' id='word_1_222' title='bbox 260 4097 423 4170; x_wconf 85' lang='lat' dir='ltr'>fima</span> <span class='ocrx_word' id='word_1_223' title='bbox 450 4123 731 4187; x_wconf 84' lang='lat' dir='ltr'>eorum,</span> <span class='ocrx_word' id='word_1_224' title='bbox 766 4101 914 4197; x_wconf 87' lang='lat' dir='ltr'>qui,</span> <span class='ocrx_word' id='word_1_225' title='bbox 958 4099 1087 4171; x_wconf 70' lang='lat' dir='ltr'>nisi</span> <span class='ocrx_word' id='word_1_226' title='bbox 1129 4111 1458 4196; x_wconf 84' lang='lat' dir='ltr'>perpetua</span> <span class='ocrx_word' id='word_1_227' title='bbox 1500 4122 1583 4170; x_wconf 88' lang='lat' dir='ltr'>ac</span> <span class='ocrx_word' id='word_1_228' title='bbox 1616 4098 1843 4171; x_wconf 84' lang='lat' dir='ltr'>severa</span> <span class='ocrx_word' id='word_1_229' title='bbox 1872 4095 2134 4169; x_wconf 86' lang='lat' dir='ltr'>ordinis</span> <span class='ocrx_word' id='word_1_230' title='bbox 2166 4094 2320 4190; x_wconf 86' lang='lat' dir='ltr'>lege</span> 
     </span>
     <span class='ocr_line' id='line_1_31' title="bbox 257 4218 2318 4319; baseline -0.001 -29"><span class='ocrx_word' id='word_1_231' title='bbox 257 4219 581 4308; x_wconf 68' lang='lat' dir='ltr'>adstriffl,</span> <span class='ocrx_word' id='word_1_232' title='bbox 618 4220 717 4293; x_wconf 85' lang='lat' dir='ltr'>nil</span> <span class='ocrx_word' id='word_1_233' title='bbox 750 4222 1075 4319; x_wconf 78' lang='lat' dir='ltr'>poss&#39;unt:</span> <span class='ocrx_word' id='word_1_234' title='bbox 1128 4245 1359 4317; x_wconf 90' lang='lat' dir='ltr'>neque</span> <span class='ocrx_word' id='word_1_235' title='bbox 1396 4221 1470 4292; x_wconf 89' lang='lat' dir='ltr'>in</span> <span class='ocrx_word' id='word_1_236' title='bbox 1516 4219 1832 4316; x_wconf 84' lang='lat' dir='ltr'>suprema</span> <span class='ocrx_word' id='word_1_237' title='bbox 1876 4240 2148 4303; x_wconf 87' lang='lat' dir='ltr'>eorum,</span> <span class='ocrx_word' id='word_1_238' title='bbox 2194 4218 2318 4310; x_wconf 88' lang='lat' dir='ltr'>qui</span> 
     </span>
     <span class='ocr_line' id='line_1_32' title="bbox 260 4337 2321 4441; baseline -0.003 -27"><span class='ocrx_word' id='word_1_239' title='bbox 260 4341 397 4415; x_wconf 84' lang='lat' dir='ltr'>fine</span> <span class='ocrx_word' id='word_1_240' title='bbox 428 4342 680 4418; x_wconf 87' lang='lat' dir='ltr'>ordine</span> <span class='ocrx_word' id='word_1_241' title='bbox 713 4344 951 4417; x_wconf 87' lang='lat' dir='ltr'>omnia</span> <span class='ocrx_word' id='word_1_242' title='bbox 977 4344 1310 4441; x_wconf 82' lang='lat' dir='ltr'>poffunt:</span> <span class='ocrx_word' id='word_1_243' title='bbox 1364 4340 1478 4417; x_wconf 89' lang='lat' dir='ltr'>sed</span> <span class='ocrx_word' id='word_1_244' title='bbox 1522 4342 1598 4415; x_wconf 91' lang='lat' dir='ltr'>in</span> <span class='ocrx_word' id='word_1_245' title='bbox 1631 4340 1858 4417; x_wconf 84' lang='lat' dir='ltr'>media</span> <span class='ocrx_word' id='word_1_246' title='bbox 1890 4358 2163 4426; x_wconf 86' lang='lat' dir='ltr'>eorum,</span> <span class='ocrx_word' id='word_1_247' title='bbox 2197 4337 2321 4433; x_wconf 87' lang='lat' dir='ltr'>qui</span> 
     </span>
    </p>
   </div>
  </div>
 </body>
</html>
