3067 5225
747 482 857 542 168
1026 480 1103 540 D.
1129 482 1233 540 W.
1272 481 1691 542 ANIMADV.
1732 483 1829 542 IN
1867 482 2330 546 PLUTARCHI
2371 482 2520 545 Lm.

741 666 824 709 ne
850 656 1204 731 occupatus
1230 643 1580 731 suspicione
1621 658 1692 710 et
1730 645 2190 733 aspernatione,
2227 644 2338 711 sed
2376 645 2591 733 potina
2631 666 2810 733 p=·ae-.1

741 762 1002 834 paratus
1039 747 1428 813 institutione
1456 760 1524 812 et
1550 748 1782 812 notitia
1820 747 2219 829 conciliatus,
2265 747 2552 835 placidus
2593 760 2661 813 et
2702 749 2814 827 fa-z·

742 848 1006 915 miliaria
1034 870 1072 914 a
1101 849 1267 914 Poefi
1295 847 1379 913 ad
1408 849 1878 936 Philosophiam
1903 848 2284 915 deducatur.

828 1070 933 1133 14.
963 1053 1053 1116 D.
1097 1051 1391 1130 Φιλόξενος
1415 1057 1442 1116 ὅ
1468 1054 1710 1138 ιποιητὴς]
1762 1052 2080 1119 Additum
2124 1053 2211 1118 est
2244 1059 2271 1117 ὅ
2307 1057 2547 1133 ποιητὴς,
2587 1065 2665 1119 ut
2691 1052 2804 1119 hle

739 1153 823 1219 ab
861 1151 998 1216 aliis
1044 1151 1403 1218 Philoxenis
1444 1152 1902 1240 distinguatur·
1955 1168 2024 1219 et
2058 1155 2237 1220 simul
2279 1154 2810 1243 fignificationem·

739 1254 1010 1338 praebet,
1045 1252 1502 1318 Plutarchum
1486 1277 1551 1318 m
1584 1276 1662 1318 ea
1697 1253 1875 1318 fuiffe
1913 1254 2249 1336 sententia,
2274 1276 2411 1321 non
2441 1255 2655 1342 plures
2693 1257 2806 1321 fu:

737 1353 848 1418 iffe
891 1353 1017 1418 hoc
1061 1353 1320 1420 nomine
1348 1368 1590 1441 poetae,
1621 1354 1727 1420 sed
1762 1378 1964 1421 unum
2000 1356 2176 1422 hunc
2201 1357 2412 1443 patria
2439 1357 2805 1443 eyther-ium,

737 1453 1026 1541 Dionyfii
1068 1453 1324 1541 majoris
1367 1455 1752 1543 Syracusani,
1777 1455 2174 1535 familiarem,
2207 1456 2404 1543 vulgo
2436 1456 2805 1541 Dithyram-

740 1555 952 1637 bicum,
982 1563 1469 1643 nonnumquam
1498 1557 1800 1642 Lyricum,
1822 1558 2166 1645 Tragicum,
2186 1570 2298 1623 aut
2320 1557 2608 1623 Melicum
2634 1570 2803 1646 cogd

741 1659 1170 1724 nominatum.
1250 1662 1353 1727 De
1380 1682 1510 1748 quo
1538 1675 1607 1726 et
1632 1660 1769 1726 aliis
1797 1661 1991 1749 vulgo
2028 1683 2179 1726 cum
2199 1682 2290 1729 eo
2327 1661 2600 1726 confufis
2643 1660 2797 1725 Phi-

736 1762 1008 1842 loxeniS,
1050 1784 1252 1850 quum
1295 1763 1422 1828 hoc
1457 1763 1604 1828 loco
1631 1785 1948 1848 exponere
1992 1764 2262 1850 longum
2299 1762 2395 1841 fit,
2433 1761 2797 1828 differemua

739 1860 807 1925 in
836 1861 1250 1943 Bibliothecae
1287 1862 1546 1928 Criticae
1573 1862 1723 1928 Vol.
1756 1863 1880 1935 111.
1929 1864 2096 1943 Part.
2129 1863 2254 1937 ΙΙΙ.
2299 1861 2509 1967 primo
2542 1883 2802 1959 quoque
2839 1900 2848 1905 -

739 1955 1058 2047 tempore,
1088 1975 1164 2026 ut
1192 1961 1538 2047 speramuS,
1569 1959 1837 2026 edenda.

832 2081 933 2143 14.
951 2063 1041 2145 D.
1084 2061 1329 2149 Σήδατε]
1382 2065 1533 2128 Hoc
1560 2062 1918 2148 profeEtum
1945 2063 2031 2126 est
2054 2084 2093 2126 a
2119 2058 2513 2127 oorreffione
2537 2058 2799 2125 editori·

736 2140 1117 2241 Basilee'nfis,
1147 2184 1338 2248 quam
1370 2161 1566 2228 secuti
1595 2162 1741 2227 sunt
1769 2162 1923 2250 Xyl.
1948 2161 2200 2227 Amiot.
2233 2163 2422 2227 Grot.
2453 2161 2634 2226 Mea.
2702 2161 2798 2223 At

628 2308 635 2323 .
736 2285 885 2347 γει-ο
927 2261 1083 2327 Ald.
1128 2261 1404 2353 indeque
1446 2264 1813 2350 Stephanus
1858 2286 2006 2331 cum
2050 2262 2350 2330 omnibus
2392 2260 2638 2347 scriptis
2678 2280 2794 2331 00⁴.-

736 2363 988 2430 dicibua
1029 2365 1270 2431 habent
1308 2366 1557 2445 Σῆδαπε,
1596 2366 1707 2431 nifi
1742 2364 1917 2453 quod
1951 2363 2194 2430 Harlei.
2223 2384 2390 2429 novo
2417 2362 2616 2429 etiam
2642 2361 2798 2437 vitio

679 2482 684 2486 ·
735 2465 865 2531 fert
904 2464 1179 2533 Σαίὸαπε.
1254 2465 1582 2551 Cruserius
1622 2478 1971 2556 utrumque
2012 2487 2247 2531 nomen
2289 2464 2517 2531 omifit.
2591 2464 2794 2551 Equi-

736 2568 889 2635 dem
917 2592 1044 2658 non
1074 2570 1269 2658 aufim
1295 2592 1529 2658 negare
1556 2569 1830 2652 Σῆὃαπος,
1859 2584 1975 2636 aut
1998 2571 2274 2650 Σηδαπός,
2303 2580 2372 2635 et
2397 2569 2697 2635 Graecum
2723 2578 2796 2632 et

735 2670 1043 2737 Latinum
1073 2670 1292 2737 baberi
1320 2673 1489 2759 poss‘e
1517 2695 1781 2759 nomen,
1824 2672 1940 2737 five
1982 2670 2335 2759 proprium,
2370 2671 2489 2735 five
2516 2668 2794 2740 substan-

670 2816 681 2827 .
733 2769 963 2850 tivum,
994 2772 1110 2836 five
1138 2770 1549 2858 adjetffivum3
1591 2772 1743 2837 licet
1785 2772 2037 2836 nullum
2077 2768 2217 2859 ejus
2252 2768 2617 2855 exemplum
2643 2788 2795 2855 pro·

734 2871 945 2958 ditum
973 2873 1045 2939 fit
1062 2899 1084 2955 3
1130 2869 1369 2961 quippe
1410 2874 1577 2939 hanc
1605 2874 1878 2939 formam
1917 2872 2211 2959 analogia
2246 2885 2465 2948 tuetur
2502 2870 2794 2948 fimilium

734 2977 1024 3058 ἡμεδαπὸς,
1054 2979 1343 3060 ὑμεδαπός,
1373 2977 1726 3059 Mandu
1769 2990 1848 3042 ut
1875 2977 2110 3053 σηδαπὸς
2146 2976 2221 3040 fit
2252 2998 2371 3063 pro
2399 2979 2652 3056 σεδατὸς,
2680 2990 2796 3042 aut

733 3081 990 3159 σοὸαπός,
1032 3089 1059 3143 ὃ
1099 3093 1356 3146 mutato
1398 3079 1461 3145 in
1506 3088 1564 3160 ἦ,
1604 3094 1682 3146 ut
1718 3080 2084 3168 frequenter
2110 3079 2176 3142 in
2204 3079 2573 3146 nominibus
2609 3100 2794 3143 com-

729 3180 984 3269 positis:
1038 3179 1336 3269 idemque
1366 3181 1479 3269 jus
1521 3181 1811 3248 obtineat
1846 3184 1927 3246 'ac
1971 3180 2277 3247 Latinum
2323 3181 2511 3260 Tuas,
2559 3181 2619 3247 T
2612 3180 2795 3261 uatis,

730 3283 907 3350 unde
948 3283 1035 3349 est
1077 3284 1340 3363 Τιιαιίηι,
1379 3283 1558 3371 quod
1599 3307 1677 3349 ex
1719 3283 1943 3348 Plauto
1990 3282 2197 3348 adfert
2239 3282 2496 3347 Nonius
2546 3301 2613 3366 p.
2646 3296 2791 3367 179.

732 3385 802 3451 Si
835 3388 1138 3451 Graecum
1179 3386 1400 3452 haberi
1448 3387 1673 3472 potest,
1719 3384 1956 3471 poterit
1987 3384 2140 3449 item
2175 3382 2400 3448 haberi
2441 3380 2790 3461 Latinum3

732 3486 1250 3575 quandoquidem
1294 3487 1522 3553 Latina
1569 3486 1871 3574 pleraque
1915 3484 2177 3551 nomina
2224 3481 2480 3569 propria
2522 3479 2793 3568 origini·

733 3591 979 3653 Graecae
1016 3589 1219 3653 sunt.·
1260 3590 1573 3654 Attamen
1616 3583 1858 3667 Σήδατε,
1899 3599 1977 3652 ut
2018 3582 2427 3673 probabilius,
2464 3577 2793 3650 edendum

730 3689 917 3769 duxi3
964 3688 1063 3753 vel
1088 3689 1218 3754 sola
1242 3689 1518 3754 nominis
1545 3688 1787 3776 proprii
1809 3685 2266 3753 consuetudine
2286 3696 2354 3749 et
2375 3682 2790 3766 αυᾶοτὶεαῐος

730 3813 881 3856 nam
922 3791 1051 3878 ipse
1077 3791 1337 3879 quidem
1379 3791 1756 3857 Plutarchus
1800 3790 2105 3879 nusquam
2139 3789 2291 3854 alibi
2328 3786 2614 3853 Sedatum
2647 3808 2790 3852 me·

727 3905 963 3973 morat.
1034 3892 1233 3978 Apud
1274 3894 1624 3959 Gruterum
1655 3893 1948 3978 Inscript.
1980 3892 2368 3957 MLXXIV.
2404 3910 2506 3954 10.
2550 3888 2792 3976 legitur

734 3994 805 4057 C.
839 3992 1091 4057 sedatus
1123 3993 1370 4058 Florus.-
1413 4008 1482 4058 et
1508 3995 1930 4058 MLXXVII.
1965 3992 2074 4057 M.
2109 3989 2387 4064 Sadalam.
2461 3989 2535 4054 G.
2568 3988 2644 4053 F.
2677 3987 2787 4052 Se·-

727 4095 1047 4161 verianus.-
1091 4095 1261 4180 apud
1292 4096 1710 4161 Mazochium
1741 4097 2184 4168 Commentar.
2223 4092 2306 4158 ad
2342 4092 2617 4159 Tabulas
2644 4093 2787 4161 He-

724 4197 881 4264 racl.
926 4217 993 4283 p.
1021 4196 1173 4283 389.
1206 4197 1442 4262 Sedato.
1513 4199 1630 4263 Est*
1652 4209 1720 4263 et
1745 4195 1918 4283 apud
1953 4194 2292 4262 Aristidem
2331 4195 2410 4259 T.
2442 4196 2498 4259 1.
2542 4214 2611 4281 p.
2632 4211 2785 4278 301.

724 4319 877 4385 324.
905 4319 1057 4386 331.
1104 4298 1357 4364 sedatus
1390 4299 1730 4385 Mcaeerfis,
1774 4299 1882 4364 cui
1923 4290 2112 4364 antea
2146 4295 2511 4383 Theophilo
2548 4315 2788 4360 nomen

726 4400 975 4470 fixerat:
1021 4416 1091 4471 et
1113 4400 1409 4491 Episcopi
1436 4423 1675 4470 nomen
1705 4401 1959 4470 Sedatus
1983 4421 2088 4490 ap·
2121 4399 2204 4469 C.
2235 4398 2588 4472 Gosnemm
2624 4396 2783 4476 mh„-
