3067 5225
664 459 798 519 „DE
834 458 1286 521 AUDOENDIS
1327 460 1622 523 POETIS.
1662 462 1948 541 pam-A.
2229 466 2344 537 237

285 636 541 688 merum
569 620 755 687 Iliad.
788 623 1184 708 1.457.565.
1228 623 1444 713 Odyff.
1471 628 1723 715 K.491.
1760 644 1912 713 534.
1929 630 2079 713 564.
2122 631 2201 692 A.
2227 644 2346 713 471

284 723 643 790 Hefiodum
666 724 1004 810 Theogon.
1029 742 1176 808 774.
1223 727 1374 792 Huc
1402 728 1600 794 etiam
1625 730 2028 796 referendum
2055 731 2143 796 est
2164 731 2352 797 scho-

288 829 449 894 lium
497 828 702 893 Procli
744 827 824 892 ad
869 828 1129 893 Hefiodi
1170 828 1382 893 locum
1420 829 1802 917 superiorem
1835 832 2014 919 Ἐργ.
2041 835 2192 919 643.
2235 836 2353 920 Nfi'

288 932 730 1018 ὄλίῃν-αένᾶν
784 929 839 994 ὃᾶ
890 954 1025 1005 τινες
1074 934 1457 1019 capuci-&ap
1500 932 1852 1020 παρέλαὸον,
1907 933 2091 1021 ὥσπερ
2145 939 2357 1013 ἂπαινῆν

291 1034 719 1120 Περσεφόνεανε
748 1032 925 1119 quod
951 1054 987 1097 e
1014 1032 1264 1120 perdito
1296 1033 1619 1099 Plutarchi
1641 1036 2122 1102 Commentario
2147 1037 2354 1102 fluxit*

292 1135 476 1199 Dura
526 1135 613 1199 est
666 1154 787 1199 nec
831 1132 980 1198 satis
1023 1133 1306 1219 cogitata
1349 1135 1586 1199 Krebfii
1637 1135 1945 1200 sententia
1965 1162 1985 1200 z
2054 1140 2107 1176 “
2135 1136 2354 1203 Caete-

298 1244 349 1278 “
379 1240 596 1316 rum,''
641 1234 873 1321 inquit,
918 1234 1165 1320 “quod
1210 1236 1585 1300 Plutarchus
1615 1235 1940 1301 sententiae
1967 1238 2093 1302 suae
2121 1240 2355 1303 confir-

302 1345 352 1379 “
383 1338 632 1402 mandae
676 1337 760 1400 de
807 1336 1259 1423 significatione
1299 1344 1377 1399 τῦ
1416 1342 1640 1401 ἔπαινέν
1683 1358 1799 1423 pro
1846 1340 2111 1424 recusare
2152 1339 2357 1419 addit,

300 1446 351 1479 “
381 1438 772 1527 Περσεφόνειαν
816 1437 947 1501 dici
993 1441 1202 1515 bmvffv
1250 1459 1368 1523 pro
1410 1443 1783 1526 παραιτητὴν,
1831 1438 1898 1502 id
1926 1439 2243 1524 putidum
2286 1452 2359 1504 et

299 1547 350 1579 ‘⁴
382 1539 671 1625 ineptum
697 1538 808 1602 est.
882 1537 1045 1626 Quis
1072 1538 1243 1603 enim
1270 1541 1337 1602 τὸ
1365 1543 1576 1617 ἐπαινὴν
1602 1562 1640 1604 a
1665 1546 1745 1624 τῷ
1772 1539 1916 1614 αἶνος
1940 1539 2098 1619 laus,
2130 1555 2199 1606 et
2225 1563 2357 1607 non

294 1649 355 1695 ·“
381 1643 593 1729 potius
620 1642 701 1705 ab
727 1644 865 1715 αἰνὸς
899 1639 1143 1727 gravis,
1175 1640 1473 1705 horribilis
1499 1640 1846 1706 deductum
1879 1655 2063 1728 putet
2082 1644 2155 1707 ?”
2215 1644 2356 1707 Ne—

301 1766 431 1829 que
476 1742 648 1807 enim
704 1741 1075 1806 Plutarchus
1131 1740 1220 1805 ita
1266 1742 1645 1827 pronunciat
1689 1764 1728 1807 e
1770 1742 1880 1806 sua
1925 1743 2077 1829 ipse,
2127 1743 2234 1808 sed
2277 1765 2362 1808 ex

300 1841 577 1905 aliorum
603 1839 794 1903 etiam
832 1838 1167 1919 sententia,
1207 1839 1350 1919 ἔνιοι,
1382 1838 1541 1915 πνές.
1613 1842 1846 1928 Neque
1889 1841 2014 1905 hoc
2057 1841 2360 1927 putidum

302 1955 380 2006 et
424 1940 713 2025 ineptum
755 1941 859 2005 est.
940 1940 1125 2006 Licet
1150 1941 1321 2005 enim
1351 1941 1637 2029 plerique
1666 1943 2084 2008 Grammatici
2112 1945 2193 2008 ab
2217 1947 2361 2020 αἰνὸς

295 2041 521 2130 gravis
568 2040 995 2126 repetiverint,
1039 2057 1253 2106 tamen
1304 2056 1371 2107 et
1414 2042 1778 2129 Hesychius
1826 2057 2167 2130 utramque
2217 2068 2360 2110 me-

308 2157 518 2209 morat
556 2142 1079 2230 significationem
1117 2143 1181 2208 in
1222 2166 1376 2209 voce
1409 2146 1662 2223 Ἐπαινῆ·
1708 2147 1975 2229 ἐπαινετή*
2025 2144 2055 2223 ἢ
2100 2150 2229 2225 δεινὴ
2272 2146 2367 2227 aa?

300 2243 527 2333 φοὸεςίι.
595 2243 851 2309 Deinde
876 2245 1017 2320 αἶνος
1057 2259 1126 2310 et
1154 2248 1298 2320 αἰνὸς
1339 2245 1485 2310 sunt
1516 2243 1862 2333 conjuncta
1898 2262 1965 2312 et
2005 2247 2255 2336 origine
2293 2262 2365 2314 et

304 2345 796 2433 fignificatioue3
841 2357 918 2410 ut
957 2360 1145 2411 acute
1186 2345 1410 2410 docuit
1458 2349 1521 2413 J.
1565 2349 1740 2412 Dan.
1787 2348 2152 2434 Lennepius
2199 2350 2363 2436 Ety-

302 2447 467 2513 mol.
496 2449 614 2512 er.
644 2449 723 2512 L.
769 2468 837 2534 p.
868 2464 902 2531 7
907 2464 972 2531 5.
1044 2450 1210 2513 Tum
1238 2447 1464 2513 eadem
1507 2447 1872 2536 Proserpina
1907 2449 2143 2514 dicitur
2176 2454 2366 2534 ἀγαυὴ

300 2546 436 2614 Od.
462 2553 541 2611 A.
567 2565 713 2614 212.
735 2564 811 2611 22
813 2560 879 2631 5.
899 2549 1049 2633 634.
1069 2548 1420 2637 splendida,
1449 2547 1837 2629 admiranda,
1865 2550 1950 2616 ab
1974 2550 2166 2634 ἁγάω,
2193 2548 2367 2615 unde
2467 2568 2474 2569 ⁷

305 2663 376 2715 et
423 2648 781 2728 invidenda,
830 2662 898 2713 et
947 2649 1096 2714 lenis
1138 2672 1213 2715 ac
1248 2650 1501 2736 placida
1540 2655 1748 2736 ἀγανὴ,
1791 2650 2223 2739 intelligatur:
2285 2652 2369 2717 de

304 2773 581 2837 quorum
627 2749 739 2813 illo
783 2749 1202 2816 consulendus
1243 2753 1330 2816 est
1370 2752 1544 2817 idem
1591 2757 1749 2818 Lex.
1796 2755 2081 2840 Etymol.
2134 2777 2201 2840 p.
2244 2774 2322 2822 22
2347 2782 2365 2818 z

309 2853 409 2918 vel
448 2850 783 2917 illaetabilis
828 2868 943 2917 aut
982 2853 1168 2917 valde
1210 2851 1518 2934 lambitis,
1564 2856 1646 2920 ab
1678 2862 1727 2918 ἆ
1758 2855 2058 2921 inteufivo
2099 2872 2215 2920 aut
2251 2879 2366 2921 ne—

308 2970 533 3041 gante,
570 2966 639 3018 et
676 2954 844 3039 γαῦω
880 2955 1113 3040 gaudeo
1138 2979 1160 3018 .·
1206 2953 1564 3041 cujusmodi
1605 2956 1692 3019 est
1732 2955 2224 3042 apud-Etymol.
2265 2958 2368 3020 M.

313 3078 381 3142 p.
419 3058 484 3121 6.
573 3055 874 3141 Denique
930 3055 1141 3121 similis
1195 3056 1674 3139 euphemismus
1719 3055 1885 3121 valet
1941 3056 2006 3121 in
2058 3056 2369 3137 Εὐμενίόες,

311 3158 696 3237 Eumenides,
753 3159 1079 3224 Furiarum
1127 3158 1409 3223 nomine.
1501 3160 1718 3238 Certe,
1770 3159 1834 3223 in
1891 3175 2024 3224 tam
2076 3159 2243 3223 varia
2295 3182 2372 3224 ac

311 3261 654 3348 multiplici
680 3261 1246 3348 antiquissimorum
1275 3260 1613 3325 nominum
1649 3261 2123 3347 fignificatione,
2161 3283 2200 3325 e
2241 3284 2372 3346 quo

310 3385 551 3451 genere
589 3364 733 3428 sunt
776 3365 1067 3428 Deorum
1110 3362 1394 3441 nomina,
1440 3362 1705 3427 firmiter
1743 3362 1898 3448 quid
1940 3363 2228 3440 statuere,
2270 3363 2372 3426 in-

314 3480 538 3553 eptum
580 3487 655 3529 ac
692 3486 926 3529 vanum
954 3464 1050 3529 fit.
1124 3462 1566 3529 conferendus
1594 3463 1676 3527 de
1703 3463 1931 3527 eodem
1961 3464 2372 3549 cognomine,

310 3567 667 3654 eademque
692 3565 1155 3644 admonitione,
1183 3566 1277 3630 vir
1310 3588 1607 3653 magnus,
1651 3585 1772 3629 nec
1818 3564 2071 3629 Krebfio
2115 3565 2180 3629 in
2225 3566 2380 3633 nota'.

310 3668 403 3733 ad
442 3668 619 3733 hunc
661 3668 879 3736 locum
919 3666 1384 3755 praetermissus,
1413 3667 1559 3732 Tib.
1591 3665 2096 3731 Hemsterhufius
2122 3666 2205 3731 ad
2243 3671 2374 3732 Lu-

312 3769 579 3834 cianum
617 3770 694 3835 T.
727 3771 783 3833 Ι.
826 3790 895 3855 p.
917 3771 1068 3856 469.

312 3911 321 3918 ·
408 3891 515 3955 23.
534 3872 630 3948 A.
674 3869 809 3934 Olor
832 3871 1099 3956 nibus—J
1160 3865 1378 3948 Veluti,
1408 3867 1654 3957 exempli
1683 3869 1901 3955 cauffl.
1951 3867 2118 3935 Vide
2145 3871 2380 3936 Anim-

312 3969 467 4037 odv.
550 3990 693 4040 ηπ.
720 3972 798 4036 Ε.

312 4111 327 4118 ·
408 3993 543 4159 231)
546 4074 632 4137 A.
702 4072 1328 4161 Ἀςχῖλοχος-Κλῦθι
1372 4051 1627 4157 ὄναρ]
1701 4070 1815 4136 Nil
1863 4072 1950 4138 est
1997 4070 2063 4137 in
2107 4070 2383 4157 antiquis

320 4172 649 4240 codicibus
707 4174 1044 4238 varietati&
1159 4171 1423 4237 Grotius
1477 4170 1658 4236 dedit
1699 4176 1881 4236 Κλῢθ·
1925 4170 2152 4249 ἅναξ-
2191 4186 2386 4257 atque

320 4276 415 4341 ita
450 4275 516 4340 in
552 4274 715 4340 duos
758 4286 1163 4339 tetrametros
1198 4271 1500 4337 distinxit.
1588 4276 1684 4338 Ex
1726 4274 1852 4339 boc
1887 4271 2206 4338 Plutarchi
2241 4273 2385 4339 loco

320 4373 686 4444 retulerunt
709 4373 778 4439 in
806 4370 1183 4441 Archilochi
1220 4372 1620 4461 Fragmentis
1663 4371 2127 4465 P.-Stephanus
2157 4371 2220 4455 in
2253 4373 2384 4460 Ly·
2425 4369 2430 4372 ’
