3067 5225
717 424 759 490 8
1022 493 1029 500 ,
1114 421 1205 489 D.
1235 423 1354 488 W.
1386 422 1858 492 PRAEFATIO
1899 424 2363 496 ANIMADV.
2415 497 2421 504 .
2481 451 2494 461 ’

716 617 1200 706 quantumque
1266 619 1514 684 taceat.
1617 610 1735 683 De
1799 610 1965 684 locis
2029 611 2312 710 quidem
2379 595 2762 709 desperati5‚

715 730 967 828 quibus
999 730 1228 803 lucem
1263 745 1386 803 aut
1419 731 1778 806 sanitatem
1813 733 2077 807 adferre
2122 759 2265 806 non
2309 737 2640 831 potuerit,
2675 760 2767 806 ne

716 864 966 941 taceat,
1008 852 1125 924 sed
1173 853 1632 951 ignorantiam
1687 855 1822 954 ipse
1872 856 2062 930 suam
2108 857 2399 930 candide
2445 857 2765 957 profitea-

714 988 855 1050 tur.
983 976 1131 1077 Qui
1184 975 1376 1050 secus
1422 976 1613 1068 facit,
1675 978 2042 1076 dupliciter
2094 991 2376 1078 peccat:
2448 989 2523 1051 et
2577 978 2769 1075 quod

714 1098 983 1172 filentio
1033 1098 1562 1198 intelligentiam
1613 1101 1914 1190 fimulat,
1949 1116 2024 1176 et
2055 1102 2248 1202 quod
2292 1101 2438 1175 aliis
2482 1127 2766 1198 corrup-

717 1232 871 1295 tum
921 1232 1279 1319 tamquam
1334 1222 1575 1298 sanum
1620 1224 1852 1298 tradit.
1954 1226 2116 1298 Nec
2157 1226 2401 1323 potest,
2445 1224 2572 1296 nifi
2606 1225 2768 1297 fim-

628 1353 633 1362 “
716 1343 876 1442 plex
906 1356 980 1417 et
1010 1356 1312 1442 apertuS,
1348 1347 1714 1444 quisquam
1748 1348 1885 1421 effe
1916 1349 2147 1421 bonus
2181 1349 2538 1443 interpres.

736 1535 747 1544 .
838 1466 958 1540 Ad
1003 1467 1196 1562 hunc
1250 1469 1543 1544 modum
1595 1470 1647 1542 fi
1698 1471 1898 1543 nobis
1949 1472 2495 1545 Grammatioem
2542 1470 2769 1542 Inter-

716 1591 1179 1687 pretationem
1212 1591 1442 1690 explet
1480 1595 1837 1691 interpres,
1887 1592 2217 1691 praeclare
2261 1592 2624 1666 nobiscum
2657 1592 2771 1689 agi

717 1713 1212 1801 existimemuS,
1249 1717 1570 1788 contenti
1603 1716 1841 1803 fimuS‚
1877 1742 2010 1789 nec
2041 1715 2223 1790 ultra
2254 1715 2422 1814 quid
2468 1715 2772 1812 requira-

720 1858 903 1907 mus,
1007 1833 1157 1930 Ipse
1187 1859 1354 1907 vero
1387 1837 1721 1934 interpres
1754 1862 1900 1910 non
1933 1839 2032 1909 ita
2064 1837 2131 1909 se
2166 1840 2278 1910 his
2309 1839 2571 1911 finibus
2599 1861 2772 1909 con-

718 1958 996 2046 tinebit,
1030 1957 1206 2054 quin
1240 1956 1530 2031 subinde
1573 1960 1648 2032 in
1696 1959 2027 2032 Criticam
2072 1973 2389 2032 excurrat
2426 1961 2773 2055 Interpre-

718 2081 1080 2172 tationem.
1183 2079 1322 2156 Sed
1369 2104 1527 2152 eam
1576 2081 1908 2152 historicis
1958 2084 2181 2178 magis
2224 2103 2434 2177 quam
2479 2080 2772 2179 dogma-

718 2203 876 2275 ticis
928 2201 1284 2274 adhibebit
1334 2200 1538 2276 locis:
1590 2203 1861 2276 cavebit
1912 2202 2061 2291 fibi,
2112 2226 2204 2276 ne
2250 2201 2635 2275 AutStorem
2686 2202 2777 2274 ad

718 2325 928 2398 nostri
962 2325 1195 2423 potius
1227 2350 1440 2422 quam
1487 2326 1759 2424 antiqui
1795 2327 2134 2398 rationem
2168 2323 2775 2398 consuetudinem-

719 2472 861 2545 que
913 2449 1175 2546 ingenii
1222 2450 1496 2547 exigat:
1561 2447 1823 2546 semper
1873 2449 2210 2547 cogitabit
2259 2447 2433 2546 quid
2479 2446 2777 2546 postulet

718 2571 854 2644 loci
900 2572 1102 2660 rati0,
1150 2571 1322 2669 quid
1366 2570 1750 2672 legentium
1803 2571 2162 2646 mensura:
2223 2595 2526 2670 quorum
2577 2572 2774 2669 inge-

718 2695 852 2766 niis
885 2694 1131 2792 saepius
1161 2694 1506 2793 relinquet
1538 2695 1677 2768 hoc
1712 2696 2092 2792 judicium,
2128 2720 2341 2793 quam
2377 2694 2513 2792 ipse
2543 2693 2770 2767 faciet.
2799 2675 2806 2681 ⁸

719 2817 912 2889 Nam
946 2818 1202 2891 horum
1237 2819 1524 2915 quidem
1576 2844 1698 2916 per
1745 2819 1842 2892 est
1875 2817 2256 2893 ridiculum
2290 2831 2365 2892 et
2409 2816 2773 2890 indoffitum

716 2963 943 3039 genus
978 2940 1464 3039 interpretum,
1501 2943 1623 3038 qui
1673 2944 1749 3014 in
1794 2924 1961 3014 locis
2004 2941 2303 3014 obscuris
2341 2965 2474 3014 nec
2507 2940 2625 3013 fibi
2665 2940 2774 3012 in-

720 3061 1014 3139 telleffis
1079 3074 1361 3141 tacent:
1431 3065 1555 3136 ubi
1620 3088 1784 3137 vero
1851 3063 2058 3138 talem
2112 3062 2473 3161 judicandi
2540 3062 2773 3135 locum

720 3185 908 3259 naEti
955 3184 1138 3275 sunt,
1179 3210 1370 3277 eum,
1406 3189 1722 3285 quamvis
1764 3186 2219 3286 perspicuum,
2259 3185 2511 3284 cupide
2541 3186 2778 3282 arripi-

722 3319 879 3396 unt,
922 3310 996 3381 in
1040 3334 1208 3382 eum
1256 3323 1339 3383 ut
1374 3312 1787 3409 ignorantiae
1821 3322 2318 3411 tegumentum
2349 3309 2416 3383 se
2449 3307 2779 3397 induunt,

720 3455 843 3527 pcr
908 3430 1148 3528 longas
1213 3432 1704 3530 disputationes
1771 3434 2315 3531 intempestivam
2379 3430 2776 3528 sapientiam

720 3566 1164 3649 expromunt,
1211 3554 1416 3652 seque
1468 3568 1623 3629 tum
1678 3557 1979 3655 optimos
2032 3557 2437 3651 interpretes
2474 3553 2776 3650 jafitant,

722 3674 972 3746 alteros
1040 3674 1192 3747 illos
1260 3677 1777 3751 Grammaticos
1845 3679 2274 3774 interpreteS,
2342 3700 2776 3773 quamquam

724 3797 970 3869 unicos
1038 3796 1508 3895 intelligentiae
1570 3801 1876 3898 opificeS,
1937 3815 2174 3873 tamen
2230 3812 2316 3873 ut
2372 3797 2777 3897 syllabarum

722 3943 1029 4016 aucupes
1095 3933 1587 3999 contemnunt.
1695 3925 1865 4024 Quo
1923 3921 2192 4020 decepti
2258 3946 2487 3996 errore
2545 3919 2777 4008 multi,

722 4054 1002 4139 patrum
1070 4045 1558 4141 majorumque
1622 4047 1981 4134 memoria,
2041 4070 2157 4119 eas
2211 4044 2500 4117 demum
2557 4043 2780 4117 bonas

721 4164 1062 4236 editiones
1095 4166 1524 4260 judicarunt,
1559 4170 1816 4265 quibus
1849 4169 2234 4264 Dffcutsw,
2270 4169 2376 4240 uti
2409 4166 2775 4254 vocabant,

726 4286 1012 4360 Politici
1041 4304 1107 4359 et
1142 4287 1602 4388 Plzilcfiplzici
1633 4290 1884 4387 adjeffl
1917 4291 2157 4364 effent.
2253 4291 2427 4392 Qui,
2460 4289 2776 4387 quamvis
