3067 5225
690 487 779 537 πο
1084 465 1176 531 D.
1202 463 1327 532 'Wz
1359 461 1838 530 PRAEFATIO
1873 459 2343 531 ANIMADV.

687 655 937 750 Itaque
992 649 1308 723 bifariam
1361 651 1445 723 fit
1498 650 1660 722 haec
1709 648 2046 721 librorum
2097 647 2444 745 repetitiO.
2545 646 2744 720 Nam

688 773 1076 871 Bibliopola
1123 772 1231 845 vel
1283 773 1682 870 simpliciter
1728 771 1979 844 librum
2033 770 2330 858 recudit,
2387 794 2481 841 ne
2530 771 2748 842 verbo

689 897 974 996 quid‘em
1030 908 1305 969 mutato
1333 925 1358 968 t
1414 920 1560 992 quo
1606 896 1683 967 in
1733 918 1989 994 genere
2036 895 2134 966 est
2186 892 2573 990 Lipfienfis,
2623 893 2748 989 qui

691 1021 877 1092 hanc
924 1021 1223 1092 nostram
1275 1019 1658 1091 editionem
1704 1017 1990 1090 reddere
2035 1016 2330 1089 instituit
2371 1014 2596 1087 forma
2624 1038 2748 1086 oe·

694 1155 873 1233 tava,
921 1142 1283 1216 inficetum
1331 1141 1600 1239 prorsus
1651 1152 1726 1213 et
1775 1139 2122 1213 sordidum
2168 1139 2531 1237 negotium
2579 1162 2749 1210 eum

695 1265 960 1355 charta,
1013 1277 1169 1336 tum
1224 1265 1580 1337 literarum
1634 1262 1996 1335 formulis:
2051 1274 2126 1334 et
2167 1261 2506 1359 gloriatur
2534 1261 2754 1334 etiam

694 1388 764 1459 se
808 1388 1109 1484 plurima
1146 1381 1394 1460 nostrae
1429 1387 1751 1459 editionis
1785 1385 2278 1485 typographica
2310 1383 2566 1490 menda
2597 1407 2752 1455 cor-

696 1511 985 1582 rexisse:
1039 1510 1229 1607 quod
1271 1510 1475 1608 quale
1520 1510 1608 1583 fit
1649 1512 1877 1607 postea
1922 1509 2337 1580 videbimuS.
2437 1505 2567 1578 Vel
2621 1505 2758 1579 ho-

697 1635 967 1705 minem
1020 1633 1378 1723 conducit,
1426 1634 1548 1729 qui
1593 1632 1782 1730 quafi
1828 1656 2080 1705 novam
2127 1630 2591 1702 recensionem
2648 1628 2756 1700 fa·

696 1757 884 1828 ciat:
932 1755 1055 1827 hic
1085 1754 1206 1827 suo
1238 1755 1374 1852 ipse
1412 1735 1688 1858 judicio
1733 1767 1985 1842 mutat,
2038 1754 2248 1842 addit,
2284 1754 2551 1826 omittit
2584 1775 2752 1849 quae

698 1877 878 1975 vul-t,
925 1869 1128 1954 notai
1176 1876 1930 1974 animadversionesque
1961 1879 2244 1949 editoris
2277 1879 2374 1948 ita
2419 1873 2752 1948 transfor-

697 2012 847 2076 mat
879 2000 1143 2096 suisque
1173 2000 1469 2086 infercit,
1497 2012 1579 2074 ut
1611 1998 1747 2095 ipse
1777 2003 2014 2071 earum
2050 1999 2294 2070 audior
2325 2009 2398 2069 et
2430 1999 2754 2069 inventor

696 2122 1053 2195 videatur:
1113 2143 1257 2216 quo
1301 2122 1375 2192 in
1425 2145 1685 2217 genere
1716 2118 2313 2216 esthubingenfis
2343 2118 2749 2214 Bibliopola.

698 2243 866 2317 Nec
910 2256 1157 2316 ‘tamen
1208 2239 1367 2314 satis
1414 2244 1757 2315 ambobus
1805 2244 1986 2316 inter
2019 2241 2087 2313 se
2117 2240 2495 2313 convenit:
2550 2240 2754 2337 plane

696 2377 785 2439 ut
831 2358 1130 2474 ληὶξῆςες
1172 2366 1243 2437 in
1287 2364 1608 2438 eamdem
1656 2364 1963 2462 praedam
2004 2363 2411 2452 incidentes,
2457 2386 2541 2435 ea
2572 2362 2764 2437 solus

696 2500 993 2586 uterque
1024 2488 1227 2584 potiri
1260 2488 1480 2584 cupit.
1584 2488 1938 2560 Fefljvum
1986 2487 2084 2559 est
2131 2487 2522 2583 negotium.
2623 2485 2756 2559 Ille

695 2602 893 2684 hunc
939 2609 1105 2682 furti
1150 2635 1348 2684 reum
1398 2614 1571 2710 agit,
1604 2612 1727 2708 qui
1768 2636 1957 2684 meas
1989 2610 2501 2684 Annotationes
2533 2607 2753 2682 muti-

695 2731 939 2805 laverit
966 2757 1048 2804 ac
1080 2733 1501 2830 surripuerit.
1602 2732 1728 2806 Ille
1751 2734 1941 2832 'quid
1974 2732 2414 2832 responderit,
2453 2732 2502 2805 fi
2535 2732 2753 2806 modo

674 2854 1065 2953 respondit,
1131 2856 1381 2944 neibiQ
1447 2881 1582 2929 nec
1629 2856 1796 2930 scire
1850 2882 2067 2940 ουτος
2133 2880 2300 2929 nam
2365 2855 2528 2928 casu
2590 2855 2752 2928 haec

695 2978 870 3050 mihi
912 2979 1465 3067 controversiola5
1494 2983 1650 3074 ejus
1687 2978 1958 3076 prorsus
2002 2977 2370 3068 incuriose,
2409 2977 2505 3067 ad
2549 3002 2754 3051 aures

697 3101 1162 3198 notitiamque
1192 3101 1463 3174 accidit.
1569 3103 1643 3173 Si
1685 3126 1929 3175 verum
1964 3102 2325 3175 volumus:
2384 3101 2526 3189 hic,
2560 3112 2643 3173 ut
2676 3101 2750 3173 in

695 3222 887 3296 furto
908 3227 1056 3319 jam
1091 3247 1287 3295 more
1318 3227 1663 3321 majorum
1699 3225 2028 3298 omnibus
2054 3225 2271 3297 libero
2300 3236 2375 3297 et
2405 3224 2748 3311 conceffo,

693 3345 1093 3443 fimpliciter
1122 3354 1197 3419 et
1227 3359 1463 3444 aperte
1492 3349 1662 3446 agit,
1708 3372 1791 3425 ac
1825 3347 2120 3446 priscum
2155 3347 2341 3445 quafi
2373 3346 2749 3418 candorem

693 3493 844 3564 prae
893 3467 958 3539 se
1001 3467 1180 3542 fert:
1236 3468 1349 3543 ille
1389 3470 1576 3568 apud
1629 3494 1876 3568 aequos
1917 3471 2130 3542 etiam
2174 3470 2445 3565 judices
2488 3493 2754 3542 nomen

696 3586 1056 3687 genusque
1098 3590 1280 3664 illius
1327 3594 1403 3665 in
1451 3592 1686 3665 fabula
1731 3591 1996 3690 graculi
2018 3592 2340 3690 ‘effugere
2372 3593 2484 3664 vix
2516 3590 2750 3688 poflit.

697 3711 894 3784 Mihi
940 3712 1096 3785 haec
1139 3714 1449 3787 audienti
1502 3717 1577 3788 in
1610 3726 1919 3788 mentem
1953 3716 2273 3788 veniebat
2306 3714 2594 3787 alteriue
2617 3739 2753 3786 cu-

687 3833 964 3930 jusdam
1000 3833 1255 3907 fabulae
1290 3834 1379 3909 de
1411 3836 1687 3910 duobus
1716 3838 1972 3934 pueris»,
2001 3862 2301 3935 quorum
2338 3849 2633 3934 uterque
2665 3860 2753 3909 ex

698 3956 941 4028 eadem
999 3957 1213 4030 domo
1270 3957 1553 4055 pallium
1613 3959 2070 4056 surripuerat:
2139 3960 2312 4037 alter
2375 3960 2606 4048 suum,
2670 3973 2756 4032 ut

698 4092 874 4168 erat,
920 4080 1209 4177 pallium
1253 4081 1608 4178 gestabat:
1667 4082 1842 4155 alter
1885 4109 1928 4156 e
1974 4083 2454 4156 suo‘tunicam
2487 4107 2570 4155 ac
2603 4107 2754 4179 pae-

700 4202 943 4276 nulam
987 4202 1309 4291 faciebat,
1358 4215 1574 4301 atque
1603 4203 1899 4278 alterum
1933 4205 2390 4303 conspicatuS‚
2451 4205 2636 4295 Quin
2685 4222 2756 4276 te

689 4327 980 4423 pudeat,
1034 4327 1289 4424 inquit,
1349 4329 1449 4400 ita
1501 4340 1736 4426 aperte
1773 4331 2076 4428 pallium
2129 4345 2319 4403 tuum
2361 4331 2626 4425 gestare
2671 4351 2756 4398 ac

660 5148 743 5159 “··“·
820 5146 1103 5172 *ν’-ν·-
1176 5152 1221 5163 -··
1346 5142 1866 5172 ’νειμ-μω
1933 5162 2436 5172 ..n—*mmo*
