3067 5225
506 511 611 575 IN
654 505 1177 577 PLUTARCHI
1222 503 1511 574 OPERA
1557 509 2011 576 MossAmA.
2212 529 2284 596 17

222 698 371 782 bat,
439 708 524 768 ut
582 694 827 792 aliquis
884 696 1236 767 minorum
1295 696 1612 794 gentium
1683 695 2005 784 Criticu3,
2074 708 2289 794 atque

226 819 399 890 adeo
445 828 651 891 terrae
683 817 891 906 filius,
942 818 1204 889 interea
1240 791 1373 889 tale
1406 819 1578 915 quid
1611 818 2191 893 animadverteret
2212 833 2288 893 et

226 942 575 1013 continuo
623 943 693 1011 in
742 940 1098 1037 publicum
1150 940 1489 1037 proderet,
1531 941 1644 1012 vel
1691 943 1795 1012 uti
1837 941 2162 1039 graculus
2210 945 2285 1015 in

224 1064 529 1160 praedam
568 1065 667 1135 ita
702 1064 774 1138 in
808 1063 990 1134 hanc
1021 1062 1381 1161 gloriolam
1418 1063 1778 1151 involaret,
1808 1064 2029 1138 altum
2059 1065 2282 1161 quod-

226 1188 389 1257 dam
457 1210 893 1283 raucumque
957 1186 1307 1276 clamaret,
1378 1186 1444 1258 se
1508 1188 1842 1259 nimirum
1913 1188 1982 1258 id
2048 1188 2284 1261 vidiffe

227 1309 419 1404 quod
466 1295 742 1380 tantum
790 1310 1016 1380 virum
1068 1307 1392 1381 latuifl'et.
1522 1311 1805 1410 Quibus
1851 1310 2149 1409 graculis
2199 1321 2282 1382 ut

226 1456 372 1503 non
423 1455 845 1529 magnopere
893 1434 1300 1505 movebatur
1350 1432 1937 1522 HemsterhufiuS,
1990 1437 2087 1506 ita
2143 1435 2280 1506 mi-

222 1579 361 1626 nus
411 1557 622 1626 etiam
677 1553 763 1625 ad
816 1553 1251 1628 scribendum
1316 1556 1765 1628 excitabatur.
1892 1557 2281 1629 Enimvero

220 1678 381 1772 quis
431 1702 766 1773 umquam
816 1675 955 1749 fuit
1015 1677 1261 1765 editor,
1314 1679 1429 1750 cui
1479 1699 1626 1749 non
1675 1680 1824 1772 post
1870 1678 2281 1749 editum-li·—

222 1801 430 1871 brum
469 1799 789 1897 quaedam
839 1802 911 1871 in
963 1812 1278 1871 mentem
1312 1800 1595 1870 veniant
1639 1799 2127 1894 praetermiffi?
2179 1801 2279 1873 Et

218 1921 383 1995 haec
435 1933 672 1993 tamen
720 1924 791 1993 in
840 1922 1098 1994 scriniis
1146 1920 1363 1993 servat
1413 1923 1677 1992 interea
1727 1917 1900 1993 dum
1943 1921 2278 2020 vulgandi

219 2045 717 2142 opportunitas·
745 2044 1123 2116 offeratur:
1176 2044 1302 2116 nifi
1353 2043 1402 2116 fi
1451 2044 1608 2139 quis
1646 2043 2016 2140 pueriliter,
2066 2057 2147 2115 ut
2181 2046 2280 2115 ita

218 2166 468 2254 dicam,
535 2166 938 2255 editurienS,
993 2168 1364 2263 quotannis
1421 2166 2121 2239 Animadverfionum
2192 2167 2276 2238 li-

220 2289 476 2362 bellum
510 2288 794 2388 vulgare
824 2288 1011 2376 velit,
1048 2290 1304 2386 quibus
1335 2300 1605 2362 veteres
1652 2290 1999 2378 retraetet,
2035 2301 2109 2361 et
2142 2315 2274 2362 no-
2303 2385 2312 2392 ἱ

220 2436 334 2484 vas
386 2414 555 2484 item
610 2412 999 2484 subitaneae
1051 2411 1259 2483 addat
1314 2413 1637 2509 proximo
1689 2410 1916 2483 rursus
1966 2426 2279 2485 anno-et

218 2534 449 2606 libello
506 2533 1020 2618 retraetandas3
1100 2545 1184 2606 ut
1239 2532 1491 2606 scilicet
1548 2543 1827 2631 partum
1887 2533 2023 2631 ipse
2073 2533 2276 2607 suum

217 2659 538 2747 ostentet,
587 2683 722 2730 nec
767 2662 919 2754 ejus
960 2656 1249 2756 gloriam
1293 2657 1416 2729 fibi
1461 2657 1550 2727 ab
1598 2656 1735 2729 alio
1766 2659 2039 2754 praeripi
2071 2657 2274 2747 finat,

218 2772 443 2868 Μήτις
477 2768 669 2864 κῦδος
698 2769 924 2878 ἄροιτο
962 2768 1229 2869 Baetin,
1262 2772 1299 2852 ὅ
1335 2767 1400 2853 δὲ
1438 2766 1728 2877 δεύτερος
1760 2765 1972 2853 ἔλθοι.
2057 2778 2275 2854 Unus

217 2902 488 2976 fortasse
519 2905 620 2976 est
650 2904 1195 2976 commentarius
1228 2902 1638 2981 Ruhnkenii
1671 2903 1745 2975 in
1777 2903 2039 2976 Timaei
2071 2904 2274 2976 Lexi-

216 3050 351 3098 eon
384 3026 857 3115 Platonicum,
906 3048 991 3098 ex
1038 3026 1344 3098 editione
1394 3025 1630 3113 altera,
1671 3026 1785 3098 cui
1826 3025 1925 3097 nil
1958 3026 2046 3099 ad
2078 3003 2273 3097 abso·

218 3147 559 3220 lutionem
609 3147 802 3221 defit.
904 3147 1040 3222 Sed
1073 3149 1229 3245 quis
1261 3149 1471 3237 dicat,
1505 3170 1654 3221 non
1696 3168 1845 3220 uno
1886 3160 2008 3220 aut
2056 3146 2276 3218 altero

218 3271 371 3343 loco
403 3270 579 3367 quid
627 3271 788 3343 addi
839 3271 1078 3369 poffe?
1132 3270 1702 3369 quandoquidem
1749 3294 1831 3343 ea
1859 3272 1973 3341 'est
2017 3268 2271 3341 horum

212 3418 505 3491 operum
554 3404 806 3466 natura
850 3405 934 3466 ut
979 3392 1242 3490 semper
1287 3393 1652 3465 acceflioni
1699 3393 1892 3464 locus
1926 3390 2273 3488 relinqua-

210 3530 345 3589 tur.
450 3518 715 3613 Atque,
770 3516 823 3589 fi
877 3516 1046 3615 quid
1101 3515 1324 3604 videO,
1379 3538 1569 3587 unus
1620 3513 1753 3585 fuit
1794 3515 1948 3611 post
2000 3527 2274 3588 renatas

210 3636 483 3712 Litera's
516 3636 989 3712 Ruhnkenius
1020 3663 1105 3711 ex
1137 3638 1375 3737 paucis
1408 3639 1512 3726 iis,
1549 3636 1804 3734 quibus
1849 3636 1986 3709 hoo
2022 3638 2094 3709 in
2126 3638 2269 3710 stu-

209 3762 495 3834 diorum
542 3764 823 3859 genere,
872 3784 997 3860 par
1039 3758 1208 3834 cum
1254 3758 1562 3833 efficacia
1602 3758 1910 3848 facilitaS,
1944 3784 2070 3857 par
2100 3754 2266 3832 cum

207 3882 515 3956 secundo
561 3884 873 3958 sortunae
920 3883 1099 3956 flatu
1137 3883 1572 3982 gubernandi
1623 3878 1884 3954 solertia
1914 3882 2268 3979 obtigerit.

206 4005 564 4102 Equidem
616 4006 753 4105 ipse
798 4030 1083 4104 quoque
1132 4008 1206 4087 in
1250 4004 1633 4079 Plutarcho
1678 4006 2053 4077 editionem
2093 4003 2270 4075 mihi

208 4129 697 4224 proposueram
734 4130 1065 4203 omnibus
1109 4130 1418 4203 numeris
1449 4128 1856 4215 absolutam,
1890 4124 2270 4223 praesertim

207 4251 401 4346 quod
459 4251 549 4323 ad
606 4251 1082 4350 colligendum
1140 4249 1482 4324 doetrinae
1534 4244 1935 4346 apparatum
1988 4248 2265 4318 attinet.

212 4372 311 4444 At
344 4396 513 4451 mox
545 4375 1026 4465 animadverti,
1073 4398 1189 4447 me
1232 4378 1458 4470 majus
1502 4371 1859 4469 quoddam
1894 4390 2109 4465 quam
2144 4390 2270 4475 pro

338 4520 505 4569 voL.
548 4521 654 4572 vx.
1243 4519 1287 4569 c
