3067 5225
768 414 804 472 J
808 413 1170 473 UDICIUM
1208 414 1318 472 DE
1357 412 1760 476 AUCTORE.
2214 422 2292 486 57

233 577 442 640 anima
479 575 729 654 τοξεύειν.
820 575 1048 661 Spreto
1089 575 1333 662 vulgari
1375 579 1886 658 βαλλαντιοτομᾶν,
1921 586 2000 639 ut
2031 597 2295 661 compa-

240 676 409 741 ratio
448 690 516 741 et
554 675 809 763 argutia
849 676 1156 740 constaret
1195 698 1338 762 quae
1375 675 1456 740 ad
1495 678 1696 751 σκοπὸς
1733 676 2091 757 referretur,
2121 678 2301 741 finxit

240 778 533 864 ineptum
563 788 629 842 et
658 777 963 864 frigidum
993 777 1119 842 hoc
1147 778 1469 857 βαλλάντια
1492 778 1743 855 τοξεύειν.

332 881 398 941 Ρ.
430 901 494 965 9.
530 877 611 942 C.
656 880 775 941 Kal
816 880 905 940 διὰ
942 883 1079 940 vero
1125 881 1182 941 οὐ
1221 878 1377 960 μόνον
1415 880 1764 966 ὲγςῆγοςσις,
1807 884 1965 943 ἀλλὰ
2000 877 2093 959 καὶ
2124 877 2300 949 '‘f-m&

240 979 452 1066 aigi-5²2.
564 980 672 1042 An
731 1000 886 1064 ergo
944 979 1200 1043 somnus
1252 992 1320 1043 et
1372 979 1604 1065 vigiliae
1660 979 1999 1065 aliquando
2053 980 2301 1043 inventa

242 1082 414 1160 sunt,
441 1093 631 1145 antea
657 1080 883 1167 ignota
909 1080 1206 1144 fuerunt?
1260 1083 1333 1145 In
1365 1079 1765 1145 Comoediam
1794 1094 1863 1145 et
1887 1082 2115 1168 jocum
2142 1080 2303 1146 istud

243 1182 443 1260 cadit,
473 1203 603 1246 non
636 1181 703 1244 in
732 1181 950 1245 seriam
977 1180 1404 1266 scriptionem.
1490 1183 1664 1246 Nam
1694 1181 1869 1268 quod
1893 1182 2172 1270 εὑρίσκειν,
2201 1182 2300 1244 in-

243 1284 471 1362 venire,
512 1304 993 1369 nonnumquam
1039 1303 1155 1367 pro
1198 1303 1587 1368 comparare,
1629 1283 1974 1368 acquirere,
2005 1283 2300 1363 nancisci,

245 1383 500 1464 dicitur,
534 1385 711 1448 hunc
737 1383 950 1448 locum
982 1404 1108 1447 non
1140 1384 1221 1448 ab
1245 1383 1501 1471 ineptiae
1529 1393 1684 1448 nota
1708 1384 1954 1449 liberat.

320 1487 403 1549 Ῥ.
440 1505 538 1549 10.
572 1488 663 1548 F:
717 1488 814 1561 τὴν
853 1492 961 1548 τῶν
1002 1483 1345 1571 ἀνθρωπίνων
1385 1484 1658 1572 μυςηςίων
1690 1484 1861 1564 xis-w,
1899 1485 2060 1550 dixit
2105 1485 2306 1548 studio

243 1585 537 1671 argutiae,
584 1584 651 1648 ni
694 1583 899 1663 fallor,
939 1597 1164 1648 contra
1192 1586 1439 1648 Graecae
1480 1584 1720 1669 linguae
1756 1584 2303 1663 consuetudinem,

243 1708 373 1771 qua
402 1685 491 1749 rei
521 1683 750 1750 notitia
775 1684 1044 1771 alicujus
1087 1683 1367 1748 hominis
1406 1682 1823 1748 taciturnitati
1850 1699 1918 1748 et
1945 1682 2089 1748 fidei
2122 1705 2303 1748 com·

246 1786 433 1850 miffa
458 1808 589 1849 non
616 1786 888 1872 μυςῆςιον,
919 1783 1023 1849 sed
1056 1785 1347 1872 ἀπόῤῥητον
1374 1777 1696 1864 arcanum.
1715 1783 1967 1849 dicitur.

343 1889 418 1951 P.
450 1905 550 1966 14.
582 1885 675 1950 C:
719 1883 1147 1973 συμπςιλαὸεῖν
1186 1890 1290 1959 τὰς
1331 1883 1709 1972 παραινέσεις,
1754 1906 1832 1949 eo
1874 1884 2074 1964 sensu,
2116 1907 2307 1971 quem

248 1988 363 2052 hic
408 1986 591 2051 locus
635 1986 926 2071 postulat,
973 1986 1198 2049 monita
1228 1984 1409 2071 sablo
1455 1984 1704 2071 explere,
1750 1985 2003 2073 exsequi,
2049 2008 2179 2049 non
2224 1987 2313 2051 est

252 2089 553 2175 probum.
1400 2097 1408 2105 '

335 2192 483 2255 Jam
529 2188 595 2252 in
640 2189 860 2275 figuris
901 2200 1164 2273 apparet
1204 2186 1478 2252 studium
1510 2186 1958 2252 ‘concinnitatis
1991 2200 2058 2253 et
2086 2188 2310 2253 venus-

255 2292 407 2360 tatis
442 2304 519 2355 ut
557 2290 866 2376 frigidum
907 2304 973 2353 et
1015 2311 1055 2352 a
1091 2311 1160 2352 re
1196 2288 1327 2374 ipsa
1367 2288 1669 2366 alienum,
1705 2288 1795 2351 ita
1821 2288 2026 2374 magis
2051 2289 2245 2353 etiam
2273 2312 2312 2353 a

260 2389 582 2455 Plutarchi
611 2389 1069 2454 consuetudine
1095 2389 1465 2469 abhorrens,
1495 2388 1606 2474 qui
1643 2403 1757 2452 aut
1787 2389 2175 2473 pauciflimas
2202 2407 2315 2454 aut

261 2493 466 2557 nullas
495 2493 690 2557 habet
718 2493 974 2578 figurae,
1008 2503 1178 2555 certe
1205 2491 1513 2576 nusquam
1541 2511 1647 2554 eas
1674 2490 2089 2554 consectatur.
2113 2505 2122 2512 '
2163 2493 2313 2555 Hu-

247 2593 531 2682 jusmodi
578 2593 755 2659 locos
803 2592 1034 2679 partim
1084 2592 1269 2677 supra
1312 2591 1644 2678 attigimus
1694 2590 1865 2657 Se&.
1909 2593 1997 2656 11.
2047 2594 2212 2658 Part.
2257 2595 2312 2659 Ι.

262 2697 426 2781 Cap.
456 2697 511 2759 Ι.
554 2696 618 2776 ξ.
649 2715 710 2761 2.
748 2695 956 2757 Num.
984 2708 1048 2775 7.
1093 2706 1161 2756 et
1212 2693 1374 2778 Cap.
1403 2694 1492 2756 ΙΙ.
1542 2692 1604 2772 ξ.
1639 2711 1700 2755 2.
1745 2693 1972 2777 partim
2017 2694 2318 2778 sequente

259 2795 468 2882 capite
494 2796 886 2874 notabimuS‚
914 2794 1026 2859 ubi
1064 2794 1144 2860 de
1182 2791 1484 2858 orationis
1513 2793 1738 2859 habitu
1774 2806 1841 2860 et
1865 2796 2318 2880 competitione

258 2897 527 2963 dicetur.

1078 3152 1136 3217 C
1156 3152 1221 3216 A
1240 3154 1308 3217 P.
1379 3154 1504 3217 III.

700 3315 801 3378 Dc
831 3313 1131 3379 Orationis
1157 3313 1368 3378 babitu
1396 3326 1452 3377 et
1484 3313 1892 3399 compositione.

350 3500 678 3567 Plutarchi
718 3500 925 3564 oratio
968 3500 1208 3565 constat
1251 3500 1384 3566 fere
1426 3496 1980 3565 enunciationibus
2015 3498 2322 3588 longiori-

263 3603 389 3666 bus
417 3600 627 3666 ductis
663 3599 1175 3684 continuatisque
1216 3599 1540 3663 minorum
1581 3597 2126 3679 enunciationum,
2157 3614 2324 3664 tam-

264 3724 463 3789 quam
510 3701 816 3789 partium,
863 3700 1463 3785 comprehenfionee
1530 3720 1738 3784 neque
1791 3700 1934 3765 sane
1980 3702 2172 3766 habet
2216 3717 2328 3767 aut

268 3804 646 3868 facilitatem
672 3817 789 3865 aut
814 3801 1301 3886 simplicitatem,
1342 3822 1469 3865 non
1511 3800 1790 3864 multum
1819 3800 2120 3866 diffimilis
2146 3802 2329 3867 Thu·

267 3903 563 3990 cydideoe
591 3903 813 3966 formae
840 3902 939 3965 vel
978 3901 1343 3967 Platonicae.
1414 3902 1510 3965 At
1544 3901 1609 3965 in
1639 3900 1765 3966 hoc
1792 3897 2008 3966 libello
2035 3902 2222 3987 plane
2248 3906 2334 3967 cst

269 4004 515 4066 diversa
564 4001 976 4086 compofitio:
1039 4000 1515 4065 enunciationes
1570 3999 1946 4086 plerumque
1998 4004 2214 4066 breves
2269 4015 2339 4065 et

268 4103 569 4181 concisae,
625 4101 833 4165 forma
879 4099 1347 4186 propemodum
1404 4101 1735 4180 Isocraten,
1788 4123 1866 4165 ex
1910 4124 2144 4187 genere
2200 4101 2339 4185 ejus

267 4208 699 4289 σαςωητεκῷε
773 4200 949 4286 quod
1004 4200 1526 4271 enunciationum
1590 4201 2160 4266 conformationem
2220 4202 2338 4262 ali-

270 4318 527 4392 quanto
552 4302 750 4368 habet
776 4302 988 4369 minus
1014 4300 1343 4368 didu&a.m
1377 4302 1705 4390 magisque
1747 4300 2098 4367 adstrictam
2119 4324 2139 4365 ε
2182 4299 2340 4367 item
