3067 5225
709 455 825 519 166
979 458 1058 518 D.
1087 458 1190 515 W.
1230 452 1648 517 ANIMADV.
1689 458 1787 518 IN
1825 457 2288 521 PLUTARCHI
2333 460 2481 519 Lus.

700 625 968 706 σφιγγός,
1010 642 1051 685 a
1081 621 1411 707 Stephano
1454 620 1915 713 introduetmn,
1960 634 2029 685 et
2059 621 2142 686 ab
2178 642 2316 686 uno
2356 622 2564 687 nostro
2601 622 2770 689 libro

705 721 843 787 Pol.
874 722 1344 803 confirmatum,
1390 722 1648 809 reliquis
1688 723 1990 788 omnibus
2024 725 2241 808 λυγγὸς
2268 724 2760 791 exhibentibus:

703 846 855 888 nam
883 823 1086 888 codex
1114 825 1180 888 D
1206 825 1286 888 ab
1314 823 1498 888 initio
1525 823 1716 911 hujus
1744 824 1939 889 libelli
1966 825 2162 911 usque
2189 824 2271 891 ad
2307 847 2376 913 p.
2404 845 2514 912 31.
2541 827 2626 891 E.
2649 848 2766 891 ex.-

703 924 887 989 cidit.
973 924 1238 990 Diaum
1284 946 1412 988 non
1461 924 1612 989 alibi
1655 925 1719 989 in
1763 926 2076 992 Veterum
2118 926 2365 1014 scriptis
2405 926 2766 1014 deprehen-

702 1026 937 1093 dimus.
1026 1026 1463 1113 Hieronymus
1491 1026 1773 1092 Wolfius
1816 1027 1882 1093 in
1921 1029 2171 1092 Annot.
2200 1027 2283 1093 ad
2309 1029 2641 1105 2AEschini8
2668 1031 2765 1096 0·-

702 1141 821 1193 rat.
853 1126 935 1191 de
962 1127 1136 1191 Falsa
1163 1127 1521 1214 Legatione
1552 1149 1617 1214 p.
1649 1130 1833 1213 1326.
1874 1128 2105 1215 inquit,
2152 1134 2202 1169 “
2233 1129 2592 1201 Plutarchus
2622 1130 2768 1199 citat

705 1235 756 1271 “
784 1229 1095 1293 iambicum
1124 1228 1475 1307 trimetrum,
1508 1227 1602 1293 Ὦ
1630 1229 1970 1313 καινά-λιμοι
1996 1231 2206 1314 λυγκὸς
2230 1230 2605 1320 αὶολῶτσρον,”
2633 1256 2765 1299 non

701 1331 811 1399 ille
853 1330 1110 1418 quidem
1166 1330 1309 1395 libri
1353 1331 1624 1419 alicujus
1676 1332 2078 1412 auetoritate,
2131 1332 2238 1397 sed
2290 1347 2404 1407 aut
2455 1334 2768 1401 memoria

702 1433 1032 1521 deceptae,
1089 1447 1204 1497 aut
1248 1433 1442 1497 tacita
1484 1432 1848 1519 conjectura
1893 1434 2240 1521 corrigens.
2325 1434 2642 1521 Equidem
2689 1450 2767 1501 ut

698 1536 1014 1622 μηχάνημα
1039 1550 1107 1600 et
1136 1535 1477 1616 παιπάλημα
1504 1535 1657 1600 huic
1685 1535 1834 1601 loco
1861 1535 2182 1615 convenit,
2210 1534 2302 1600 ita
2325 1534 2486 1601 illud
2517 1536 2582 1603 in
2612 1559 2760 1603 om·

703 1637 918 1717 nibus,
958 1636 1083 1702 hoe
1122 1636 1187 1702 in
1225 1636 1404 1705 nullo
1446 1637 1532 1701 est
1573 1636 1776 1701 libro:
1826 1637 1999 1724 quod
2032 1637 2075 1701 fi
2112 1636 2179 1702 in
2218 1659 2351 1705 uno
2388 1636 2763 1724 reperiatur,

703 1736 1173 1827 praeferendum
1223 1736 1318 1801 illi
1369 1736 1659 1802 videatur
1712 1737 2029 1824 exquifitae
2087 1737 2346 1803 nomine
2399 1737 2763 1826 elegantia,

705 1839 789 1905 de
815 1861 944 1928 qua
970 1838 1300 1904 videantur
1326 1839 1637 1927 Taylorus
1663 1840 1747 1915 ad
1779 1838 2100 1906 AEschinis
2135 1839 2317 1906 Orat.
2345 1853 2763 1907 memoratam

701 1964 770 2030 p.
813 1960 894 2029 33
924 1966 943 2007 ε
1004 1943 1385 2027 Interpretee
1438 1940 1521 2005 ad
1576 1939 1976 2029 Hesychium
2029 1940 2097 2007 in
2145 1963 2303 2019 voce
2357 1942 2762 2025 Παιπίιλημας

704 2043 1167 2111 Valckenarius
1192 2043 1276 2109 ad
1302 2041 1622 2129 Euripidis
1649 2042 1920 2130 Hippol.
1951 2065 2016 2129 p.
2041 2043 2195 2111 208.

792 2148 895 2211 16.
926 2149 1002 2210 E.
1047 2145 1370 2226 ἃπιλῆψπαι
1408 2144 1510 2227 μὲν
1553 2149 1695 2207 abr&
1737 2143 2014 2227 φοὸεμίνε
2050 2147 2143 2213 τὸν
2168 2148 2511 2233 Ποσειδῶνα]
2566 2145 2762 2212 Resti-

702 2259 849 2313 tuto
877 2252 1020 2311 σιὼ-ἔ
1048 2268 1163 2332 pro
1190 2249 1359 2327 ᾳύτέ,
1387 2267 1514 2310 non
1545 2245 1966 2311 desideramus
1985 2246 2406 2313 correctiones
2430 2247 2526 2313 vel
2557 2248 2762 2323 Kreb-

702 2349 770 2414 fii
796 2347 924 2435 ᾅδει,
955 2348 1053 2413 vel
1090 2346 1317 2412 Reisscii
1344 2345 1412 2410 ἂν
1435 2354 1557 2426 τοῦ,
1588 2346 1685 2411 vel
1711 2346 1946 2432 Toupii
1971 2354 2068 2411 τοῦ
2095 2347 2177 2412 ad
2213 2348 2493 2435 Longin.
2523 2370 2590 2436 p.
2619 2365 2763 2433 171.

699 2452 877 2517 Nam
906 2448 1054 2536 quia
1095 2447 1207 2513 illo
1251 2447 1523 2513 Homeri
1568 2446 1737 2526 loco,
1781 2469 1974 2533 quem
2018 2447 2323 2535 fignificat
2360 2448 2762 2529 Plutarchus,

703 2553 888 2619 Iliad.
930 2560 1010 2617 T.
1055 2555 1162 2618 60.
1210 2551 1391 2619 Pluto
1434 2553 1596 2616 timet
1641 2575 1716 2615 ne
1759 2549 2090 2639 Neptunus,
2119 2564 2299 2639 rupta
2342 2565 2524 2633 terra,
2569 2575 2769 2618 orcum

700 2658 991 2743 detegeret
1017 2656 1133 2720 diis
1160 2655 1593 2742 hominibusque
1610 2682 1631 2719 .·
1677 2654 1742 2720 in
1786 2654 2048 2742 proclivi
2081 2669 2217 2720 erat
2250 2653 2541 2741 suspicari
2581 2653 2762 2720 Plut-

700 2756 969 2830 archum
1022 2756 1179 2822 item
1232 2755 1313 2820 de
1370 2756 1641 2821 Plutone
1684 2755 1965 2836 timente,
2006 2757 2392 2843 Neptunum
2437 2754 2762 2842 cogitare-2

703 2859 813 2926 cui
855 2859 1232 2947 cogitationi
1275 2858 1508 2924 refflus
1552 2859 1886 2924 conveniat
1921 2866 2018 2922 τοῦ
2058 2856 2186 2945 ᾆδε,
2223 2858 2321 2924 vel
2361 2857 2619 2944 simplex
2643 2866 2762 2937 τοῦ,

699 2982 896 3050 quam
939 2961 1272 3049 vulgatum
1316 2964 1507 3039 αὐτοῦ,
1554 2974 1668 3024 aut
1711 2960 1918 3046 ipsum
1955 2958 2082 3024 hoe
2126 2982 2167 3024 a
2210 2958 2397 3024 nobis
2431 2971 2765 3045 receptum

698 3069 891 3128 αὑτοῦ.
958 3062 1164 3150 Atqui
1192 3061 1319 3128 hoc
1344 3062 1551 3149 ipsum
1581 3084 1780 3127 nexus
1815 3049 2140 3126 sententiae
2169 3061 2480 3147 postulat:
2529 3060 2766 3149 quippe

696 3165 901 3231 sermo
930 3165 1016 3230 est
1043 3164 1124 3230 de
1150 3164 1430 3252 legente,
1461 3162 1570 3251 qui
1616 3185 1746 3228 non
1782 3164 1852 3237 ὥς
1888 3167 2071 3241 ἀληθῆ
2109 3160 2496 3250 προσδέχεται
2531 3164 2624 3226 τὸν
2658 3161 2765 3244 λά·

697 3289 824 3350 γον,
852 3263 1080 3351 γοητείᾳ
1100 3271 1194 3342 τῆς
1220 3269 1535 3344 ποιητικῆς,
1563 3263 1800 3351 magica
1830 3263 1901 3326 vi
1935 3262 2155 3352 poeseos
2189 3262 2252 3327 in
2281 3262 2630 3349 phantafiae
2658 3285 2761 3327 er-

696 3390 904 3433 rorem
933 3390 1063 3432 non
1092 3366 1460 3453 abripiatur,
1484 3378 1560 3431 ut
1588 3365 1756 3452 quasi
1786 3364 2072 3430 Plutonis
2101 3365 2432 3451 personam
2460 3387 2535 3429 ac
2563 3363 2759 3428 timo-

696 3491 832 3534 rem
862 3468 1173 3556 suscipiat,
1200 3467 1305 3534 sed
1312 3469 1389 3554 se
1410 3467 1531 3555 ipse
1552 3466 1962 3554 reprehendat,
1995 3465 2036 3530 fi
2066 3466 2231 3530 forte
2258 3466 2365 3530 iste
2394 3464 2586 3530 timor
2605 3486 2760 3534 eum

698 3570 976 3637 incedat.
1061 3573 1284 3657 Atque
1312 3568 1451 3635 haec
1483 3566 1841 3654 descriptio,
1872 3581 1948 3633 ut
1984 3565 2290 3646 sublimis,
2318 3565 2410 3630 ita
2433 3566 2654 3630 efficax
2678 3565 2765 3631 ad

696 3671 983 3736 animum
1035 3670 1308 3758 legentis
1354 3683 1594 3734 terrore
1646 3668 2123 3755 percellendum
2177 3681 2245 3732 et
2296 3666 2497 3754 impio
2552 3689 2767 3736 errore

698 3767 1144 3848 imbuendum,
1189 3768 1256 3833 in
1301 3768 1522 3854 primis
1565 3766 1945 3854 aLongino
1975 3765 2056 3831 de
2089 3766 2364 3831 Sublim.
2394 3767 2514 3831 IX.
2562 3766 2764 3833 inter-

700 3868 897 3956 pretis
926 3869 1290 3935 cautionem
1322 3867 1632 3956 postulare
1663 3866 2016 3954 judicatur.
2086 3868 2342 3932 Notum
2385 3867 2472 3932 est
2517 3872 2762 3954 ἐπιλαμ-

697 3969 941 4049 ἕᾶνσθαὶ
985 3995 1148 4050 τινος,
1198 3971 1478 4058 aliquem,
1520 3968 1713 4034 veluti
1766 3994 1953 4034 manu
2008 3968 2247 4058 injcfla,
2306 3969 2723 4058 reprehendere
2741 3994 2764 4034 .·

695 4071 913 4138 minus
956 4071 1120 4137 forte
1165 4085 1395 4136 notum
1433 4072 1507 4136 fit
1544 4070 1999 4153 ἓειλαμδάνιθαι
2034 4077 2252 4151 ἑαυτοῦ,
2273 4071 2535 4159 ]ὲὶ]>]ιιπι
2562 4086 2762 4160 repre-

697 4173 969 4238 hendere.
1046 4171 1251 4258 Atqui
1279 4171 1358 4235 fic
1389 4171 1765 4237 Plutarchus
1803 4172 1975 4258 Opp.
2015 4172 2190 4236 Mor.
2220 4193 2285 4258 p.
2314 4187 2465 4255 447.
2495 4171 2596 4236 A:
2640 4197 2762 4258 τος-

696 4271 823 4337 ἔτόν
859 4275 940 4345 ἔςι
977 4276 1071 4348 τῆς
1110 4271 1299 4357 ψυχῆς
1332 4268 1361 4333 ὃ
1393 4269 1643 4354 πέφυκεν
1685 4274 1959 4354 &rasim-52
2002 4268 2095 4350 xa)
2134 4277 2433 4353 μετανοεῖν,
2472 4270 2766 4359 ᾆςγίζεθοη

697 4371 791 4457 κα)
821 4373 1057 4457 δεδιέναι,
1086 4371 1326 4462 φέρεθοᾳ
1347 4374 1477 4462 πρὸς
1502 4374 1566 4441 τὸ
1598 4375 1798 4463 αἲχςόν
1834 4377 1919 4461 ὑφ’
1950 4376 2150 4458 ἡδονῆς,
2191 4374 2236 4463 ᾖ
2277 4371 2560 4461 φερομένης
2592 4370 2767 4448 πάλιν
