3067 5225
754 494 874 547 224
1008 485 1118 544 ¹1).
1141 480 1243 542 W.
1286 481 1701 542 ANIMADV.
1739 481 1835 541 IN
1875 478 2336 542 PLUTARCHI
2377 476 2526 539 LIB.

661 728 670 739 .
743 647 1053 730 θανάσιμον
1077 647 1321 729 δύναμιν,
1348 644 1446 711 vel
1482 649 1579 723 τὴν
1616 646 1834 727 δύναμιν
1868 649 1963 723 τὴν
1989 640 2334 726 θανάσιμονξ
2380 640 2614 708 deinde
2639 643 2803 706 ὃόνα·

743 777 838 834 μις
882 750 1034 836 quid
1078 750 1150 813 fit
1191 749 1361 835 apud
1405 747 1725 827 Medicos,
1770 748 1915 813 satis
1953 746 2217 826 constat,
2251 760 2323 812 et
2358 745 2666 827 θανάσιμον
2699 744 2808 809 hic

746 852 1069 917 subaudiri
1111 872 1189 916 ex
1230 850 1653 916 antecedente
1693 851 2009 934 θανασίμυ,
2048 849 2288 915 nemini
2323 849 2662 914 obscurum
2697 848 2807 912 est.

748 954 913 1019 Rem
956 952 1151 1038 ipsam
1198 952 1391 1016 tradit
1435 951 1839 1016 Dioscorides
1879 955 1934 1016 Ι.
1964 954 2086 1017 66:
2135 950 2253 1015 ἔνιοι
2295 953 2349 1013 δὲ
2390 950 2664 1036 ῖςὸρησαν,
2706 953 2814 1022 τὰς

745 1052 1079 1140 κανθαρίδας
1126 1054 1222 1117 καὶ
1267 1057 1576 1140 ὑδρωπικοῖς
1619 1057 1853 1133 βοηθὲἱν,
1898 1055 1968 1128 ὥς
2013 1052 2223 1139 οὔρησιν
2261 1049 2512 1125 mvsa-ag·
2558 1057 2607 1113 ol
2643 1052 2700 1113 δὲ
2733 1055 2816 1114 τὰ

744 1158 921 1242 σΊερά
961 1158 1138 1219 αὐτῶν
1179 1152 1407 1237 wlff&
1446 1158 1629 1229 σοδὰς
1657 1160 1767 1230 τοῖς
1794 1161 1996 1218 wisa-w
2030 1159 2202 1229 αὐτὰς
2242 1153 2653 1240 ἀντιφάρμακον
2678 1152 2824 1217 ἀπ’-ἶ

747 1257 1002 1343 γραψιιν·
1048 1255 1145 1334 iis,
1189 1256 1291 1340 qui
1336 1255 1724 1319 cantharidas
1760 1255 2051 1334 biberunt,
2083 1258 2338 1343 ipsarum
2363 1252 2488 1318 alae
2530 1278 2603 1317 ac
2637 1254 2816 1340 pedes

747 1355 1062 1420 remedium
1081 1356 1267 1441 sunt.-
1314 1355 1425 1419 ubi
1453 1355 1820 1420 consulatur
1842 1358 1905 1421 J.
1937 1357 2023 1419 A.
2053 1360 2426 1421 Saracenos.
2503 1355 2684 1419 Plinii
2712 1355 2814 1419 lo-

750 1479 905 1523 cum
958 1458 1050 1521 H.
1095 1459 1187 1522 N.
1233 1458 1487 1521 XXIX.
1526 1477 1636 1542 30.
1693 1457 1890 1522 allato
1941 1457 2169 1523 eodem
2212 1455 2599 1523 Dioscuridis
2642 1455 2822 1523 dieto

749 1559 1014 1626 illustrat
1049 1561 1113 1625 J.
1150 1557 1548 1623 HarduinuS.

838 1681 949 1732 22.
976 1662 1055 1726 Β.
1098 1667 1252 1726 Τῦτο
1278 1662 1337 1727 νύ
1361 1688 1440 1726 τε
1467 1661 1664 1750 γέρας]
1722 1665 1994 1727 Homer.
2027 1656 2245 1749 Odyfl‘.
2276 1667 2353 1724 Δ.
2385 1675 2532 1747 197.

841 1783 950 1833 22.
979 1766 1057 1830 B.
1090 1762 1206 1839 *Ως
1229 1768 1346 1851 γὰρ
1374 1764 1869 1849 &morienna-q
1922 1760 2102 1827 Iliad.
2129 1768 2214 1825 Ω.
2244 1777 2408 1847 525.-

844 1882 951 1934 22.
980 1865 1059 1930 C.
1102 1870 1194 1930 Οὐ
1244 1870 1359 1954 γὰρ
1404 1868 1594 1942 ὁπλαῖς
1638 1866 1862 1951 εἷπε-]
1917 1866 2315 1945 Plutarchu8‚
2360 1865 2470 1951 qui
2515 1864 2698 1949 supra
2746 1883 2817 1948 p.

762 1989 865 2055 19.
896 1969 970 2033 F.
1019 1966 1368 2054 prudenter
1408 1966 1848 2052 repudiaverat
1889 1964 2295 2053 allegoricam
2345 1964 2818 2051 interpretatio·-

757 2092 933 2148 nem‚
976 2070 1216 2156 quippe
1249 2090 1394 2154 quae
1437 2069 1567 2132 vim
1611 2067 1870 2132 inferret
1909 2090 1985 2132 ac
2023 2080 2402 2154 perverteret
2437 2064 2818 2131 sententiam
2908 2117 2918 2125 .

752 2182 1113 2259 poetarum,
1147 2190 1318 2232 nunc
1363 2167 1493 2252 ipse
1535 2186 1650 2252 per
1692 2166 1882 2230 aliam
1925 2166 2378 2252 interpretandi
2411 2164 2723 2230 rationem
2752 2162 2817 2228 in

700 2282 705 2295 '
759 2267 1058 2335 eumdem
1103 2289 1379 2332 errorem
1426 2266 1698 2333 incidit:
1744 2266 1898 2353 quid
1940 2268 2113 2332 enim
2150 2268 2236 2332 est
2275 2264 2714 2355 σαςαέιάζεθαι
2753 2279 2822 2330 et

757 2369 1077 2457 θιαςρέφειν,
1106 2370 1147 2434 fi
1185 2369 1311 2434 hoc
1346 2391 1479 2434 non
1505 2369 1613 2433 est.
1683 2368 1890 2455 Atqui
1934 2382 2146 2434 totum
2174 2369 2301 2433 hoc
2343 2383 2739 2454 pra-ceptum
2781 2389 2821 2430 e

759 2473 868 2560 pia
913 2470 1135 2536 fraude
1181 2470 1385 2549 fluxit,
1432 2471 1560 2534 fine
1601 2492 1728 2556 qua
1765 2483 1973 2555 poetae
2011 2469 2222 2535 divina
2256 2470 2595 2535 auctoritas
2629 2484 2700 2534 et
2739 2470 2824 2532 ab

761 2572 942 2638 omni
967 2570 1192 2636 erroris
1215 2571 1357 2651 labe
1383 2570 1756 2636 immunitas
1784 2570 2083 2637 vindicari
2117 2594 2245 2637 non
2285 2572 2455 2659 poffe
2480 2571 2819 2637 videretur.

760 2677 1173 2763 Quamquam
1209 2673 1310 2737 his
1357 2672 1619 2759 quidem
1659 2673 1980 2739 vocabulis
2023 2679 2294 2762 ὀϊζυροῖσι,
2344 2673 2711 2759 calamitqfis,
2755 2686 2824 2739 et

761 2779 1006 2854 δειλοῖσι,
1036 2774 1278 2861 miseris,
1312 2796 1442 2838 non
1470 2794 1635 2858 opus
1662 2789 1799 2839 erat
1827 2775 1938 2839 tali
1965 2774 2346 2841 defensione.
2390 2778 2623 2862 Neque
2648 2774 2817 2840 enim

760 2877 1033 2943 dubium
1076 2877 1185 2956 est,
1223 2877 1377 2963 quin
1415 2897 1492 2941 ea
1517 2876 1802 2941 universe
1843 2875 1925 2940 ad
1970 2891 2180 2944 totum
2223 2877 2579 2941 humanum
2613 2898 2823 2962 genus

764 2978 1056 3045 retulerit
1082 2992 1297 3064 poeta,
1336 2976 1528 3064 idque
1559 2999 1638 3042 ex
1674 2977 2005 3042 communi
2031 2993 2100 3042 et
2127 2979 2498 3065 pervulgata
2522 2977 2826 3064 opinione

763 3080 848 3145 de
882 3079 1011 3143 vita
1044 3091 1112 3143 et
1139 3077 1508 3143 conditione
1546 3077 1849 3157 humana,
1878 3092 1955 3142 ut
1981 3077 2293 3165 laboriosa,
2321 3080 2673 3164 aerumnrfiz,
2705 3077 2821 3141 mi·
2853 3095 2871 3165 j

742 3183 933 3270 sera.-
979 3179 1060 3244 de
1088 3201 1217 3265 qua
1249 3178 1553 3265 opinione
1569 3176 1842 3242 miseriae
1878 3177 2010 3263 ipse
2045 3178 2420 3243 Plutarchus
2463 3178 2530 3243 in
2576 3177 2823 3243 Conso-

762 3281 1004 3347 latione
1031 3280 1114 3343 ad
1154 3277 1575 3364 Apollonium
1613 3297 1680 3363 p.
1717 3293 1862 3360 115.
1905 3299 1981 3342 ac
2017 3288 2158 3342 toto
2193 3276 2325 3342 fere
2367 3278 2529 3342 libro
2565 3275 2825 3341 disserit.
2887 3307 2890 3310 ·

764 3383 851 3448 Et
878 3393 1127 3468 poterat
1153 3380 1593 3465 interpretatio
1634 3379 2050 3465 grammatica
2075 3378 2437 3465 simpliciter
2465 3379 2692 3460 teneri,
2721 3393 2824 3443 at-

765 3506 893 3573 que
938 3484 1032 3549 ita
1071 3482 1154 3547 ad
1206 3481 1515 3546 moralem
1568 3481 1752 3544 usum
1808 3480 2302 3560 accommodari,
2358 3493 2434 3545 ut
2474 3480 2555 3544 ad
2603 3479 2830 3545 mortis

766 3596 1194 3660 contemtum,
1239 3579 1712 3658 fortitudinem,
1758 3579 2155 3666 patientiam,
2197 3580 2520 3667 animique
2569 3579 2826 3666 magni·

767 3685 1058 3754 tudinem
1098 3685 1458 3749 referretur.
1521 3681 1821 3770 Ejusdem
1849 3682 2214 3769 argumenti
2242 3684 2329 3747 est
2356 3683 2601 3748 dietum
2646 3681 2829 3747 Iliad.

574 3812 583 3821 ·
700 3837 707 3841 -
769 3788 839 3851 P.
864 3788 1017 3865 446.
1061 3788 1151 3847 Οὐ
1178 3785 1279 3865 μὲν
1304 3784 1421 3869 γάρ
1445 3783 1506 3847 τί
1539 3809 1619 3846 τε
1658 3784 1768 3857 ὄςὶν
1801 3783 2138 3872 ὃὶξυρῶτιρον
2169 3787 2353 3871 ἀνδρὸς
2379 3785 2641 3864 Πάντων,
2681 3784 2828 3847 ὅπα

762 3913 830 3952 τε
874 3890 1047 3969 γαῖαν
1096 3883 1336 3948 &sumnia
1377 3911 1441 3948 τε
1484 3886 1579 3949 καὶ
1623 3884 1803 3972 ’ἕρπε
1851 3884 2026 3971 quod
2067 3898 2135 3949 et
2181 3885 2555 3950 Plutarchus
2600 3885 2830 3950 traflat

768 3988 941 4072 Opp.
977 3986 1152 4049 Mor.
1196 4006 1264 4071 p.
1291 3986 1444 4071 496.
1472 3985 1550 4049 B.
1593 4000 1746 4068 500.
1789 3984 2134 4072 multisque
2176 3985 2475 4050 fimilibus
2516 3988 2828 4051 Veterum

766 4086 1094 4156 sententiis
1144 4086 1405 4152 illustrat
1456 4090 1519 4154 J.
1563 4088 1902 4173 Duportus
1959 4086 2408 4174 Gnomologiae
2457 4085 2830 4151 Homericae

765 4214 833 4279 p.
863 4190 970 4277 98.
1015 4186 1325 4274 Virgilius
1351 4191 1606 4274 ὀϊζυροῖσι
1632 4202 1701 4253 et
1728 4190 1947 4252 δειλοῖσι
1976 4186 2252 4253 reddidit
2276 4188 2498 4274 myeris
2524 4202 2593 4253 et
2617 4188 2831 4274 aegrt‘S,

768 4291 1040 4358 mirifico
1085 4287 1363 4375 quodam
1414 4287 1817 4352 sublimitatis
1861 4311 1938 4353 ac
1981 4277 2260 4354 veritatis
2303 4288 2504 4354 sensu.
2582 4292 2830 4377 Georg.

770 4394 897 4457 111.
927 4393 1011 4459 66
1028 4417 1046 4457 ι
1098 4388 1335 4477 Optima
1376 4411 1627 4476 quaeque
1668 4389 1790 4453 dies
1819 4389 2035 4477 miseris
2063 4389 2411 4454 mortalibus
2446 4389 2575 4454 συὶ
2617 4390 2836 4454 Prima
