3067 5225
770 478 1173 538 mmcmM
1211 479 1319 537 DE
1358 478 1761 539 AUCTORE.
2094 465 2100 474 '
2217 469 2291 542 '53

208 661 354 701 „ms
410 639 724 703 moderatis
767 641 958 727 crescit
1008 621 1342 720 laborib2223‘
1380 642 1577 705 nimiis
1624 641 1950 705 obruitur?
2002 641 2097 706 At
2140 644 2290 724 hoc,

208 739 562 826 interjeRa
590 741 855 806 demum
893 740 1014 806 alia
1049 741 1349 822 (Ιίἃὶοῐιε,
1380 742 1708 829 subjicitur
1732 768 1751 822 3
1799 755 1873 806 ut
1900 741 2112 806 minus
2139 764 2289 829 pro-

208 839 547 920 babiliter,
575 841 1017 934 Grammatica'
1037 842 1291 927 quidem
1325 842 1590 921 ratione,
1619 864 1736 930 pro
1770 864 1849 906 eo
1876 843 2058 928 poffit
2084 843 2288 931 accipi

207 942 519 1027 exemplo
549 942 725 1028 quod
754 942 1018 1029 scriptor
1044 943 1364 1030 spectavit.
1431 943 1684 1008 Deinde
1714 944 1836 1007 alia
1862 943 2055 1007 etiam
2083 943 2285 1030 appo-

209 1057 468 1108 nuntur
514 1043 848 1130 exempla3
909 1057 986 1107 ut
1038 1029 1250 1129 potius
1282 1029 1408 1119 ’τοῖς
1456 1044 1887 1132 παραδείγμασι
1940 1036 2284 1110 dicendum

208 1143 449 1208 fuiffet.
514 1146 735 1232 Quam
780 1144 1235 1210 correctionem
1279 1145 1513 1210 etiamsi
1555 1146 1769 1224 faciae,
1813 1146 2085 1232 reliquas
2113 1145 2280 1210 diffi-

207 1242 489 1309 cultates
516 1268 648 1309 non
673 1244 883 1309 tollas·
928 1244 1115 1310 Adeo
1143 1258 1353 1310 totum
1384 1246 1601 1310 locum
1629 1245 1952 1312 temeritas
1976 1257 2042 1309 et
2068 1245 2282 1331 ἀλογία

209 1346 578 1430 occupavit.
2109 1413 2116 1424 ,

301 1445 470 1512 Ibid.
500 1469 566 1533 p.
593 1470 657 1534 9.
686 1449 779 1513 D.
834 1447 1191 1538 Memoriam
1228 1466 1538 1539 puerorum
1570 1452 1947 1515 exercendam
1976 1450 2081 1536 ff
2112 1472 2276 1535 prae-

209 1546 398 1633 cipit,
429 1547 540 1612 suo
571 1571 775 1627 more,
807 1548 875 1613 id
903 1550 990 1615 est
1016 1551 1295 1616 universe
1325 1565 1392 1615 et
1417 1574 1570 1616 cum
1598 1549 1914 1614 rhetorica
1939 1549 2105 1634 quafi
2134 1548 2275 1612 lau-

206 1647 472 1714 datione
501 1649 692 1737 ipfius
720 1651 1084 1733 memoriae3
1130 1665 1207 1716 ut
1233 1675 1414 1716 verus
1454 1652 1830 1716 Plutarchus
1867 1649 2132 1712 omnino
2160 1650 2274 1713 de-

204 1749 514 1814 rideretur
538 1775 560 1830 3
606 1752 717 1839 qui
744 1751 941 1840 varias
970 1753 1246 1817 rationes
1276 1752 1645 1842 exercendae
1681 1749 2007 1813 memoriae
2051 1772 2272 1816 recen-

202 1850 428 1915 suisset
465 1875 541 1917 ac
581 1852 992 1940 dijudicasset,
1040 1876 1146 1919 eas
1185 1875 1335 1918 cum
1379 1852 1647 1917 duxisset
1684 1874 1762 1915 ex
1795 1851 1990 1916 animi
2024 1845 2271 1934 natura,

197 1967 359 2015 tum
390 1951 727 2019 illustrasset
753 1977 833 2019 ex
860 1955 1143 2020 fontibus
1174 1953 1768 2042 Pythagoricorum,
1805 1952 2174 2030 Aristotelis,
2205 1968 2273 2018 et

164 2053 316 2121 ,illa
370 2054 542 2141 apud
595 2055 902 2121 Rhetores
950 2057 1322 2143 pervulgata
1344 2054 1717 2146 ‚Simonidis
1760 2067 1918 2132 arte,
1965 2045 2106 2117 tum
2155 2054 2271 2119 has

200 2156 486 2220 rationes
535 2169 604 2222 et
645 2171 965 2244 praecepta
1014 2156 1096 2222 ad
1142 2158 1504 2222 varietatem
1559 2170 1626 2222 et
1679 2155 1960 2219 indolem
2012 2156 2271 2240 puerilis

200 2256 455 2343 ingenii
481 2280 631 2322 cum
664 2256 914 2344 judicio
942 2268 1010 2321 et
1046 2258 1342 2323 cautione
1367 2256 1920 2322 accommodafl‘et.
2013 2259 2266 2321 Horum

199 2357 502 2421 omnium
545 2358 653 2421 iste
695 2357 899 2421 nihil!
969 2358 1291 2422 Caeterum
1337 2342 1463 2422 hoc
1506 2357 1709 2441 ipsum
1757 2370 2149 2441 praeceptum
2197 2357 2263 2421 in

203 2456 443 2542 Capite
468 2460 601 2546 mg}
630 2459 888 2533 παιδείας
916 2458 1285 2545 ponendum
1313 2471 1470 2523 erat.

293 2559 456 2646 Cap.
489 2561 641 2626 XX.
681 2582 749 2649 p.
784 2577 885 2643 14.
914 2561 990 2625 Β.
1041 2560 1424 2648 Exemplum
1469 2559 1817 2648 Eurydices
1861 2559 2013 2625 item
2057 2558 2265 2627 alieno

196 2663 350 2726 loco
376 2664 674 2750 positum,
705 2662 881 2751 quod
922 2685 1051 2728 non
1088 2662 1169 2727 ad
1211 2685 1464 2727 morum
1493 2662 1910 2748 disciplinam,
1941 2663 2044 2727 sed
2073 2662 2154 2727 ad
2182 2665 2261 2727 li-

198 2780 369 2830 teras
411 2779 481 2830 et
522 2766 879 2830 doctrinam
922 2765 1160 2853 spectat
1177 2792 1199 2847 3
1246 2764 1442 2857 igitur
1478 2765 1546 2829 in
1590 2765 1816 2850 Capite
1842 2766 1977 2852 περὶ
2005 2766 2263 2844 παιδείας

194 2866 607 2952 prodendum
640 2880 797 2932 erat.

284 2968 885 3055 Argumentationis
912 2992 1119 3057 genus
1147 2971 1232 3036 est
1266 2971 1459 3036 etiam
1503 2971 1770 3056 positum
1811 2968 1876 3034 in
1914 2970 2261 3035 excitandis

190 3070 469 3134 aliorum
523 3070 857 3135 auEtorum
904 3073 1269 3136 testimoniis
1287 3098 1308 3153 3
1377 3071 1553 3160 quod
1601 3085 1676 3165 ut
1720 3071 1805 3135 est
1853 3071 2146 3156 frequens
2194 3071 2259 3133 in

190 3193 346 3235 vero
372 3171 738 3249 Plutarch0‚
761 3172 851 3236 ita
873 3171 1289 3259 conjunctum
1318 3194 1467 3237 cum
1496 3186 1670 3237 certa
1687 3170 1961 3256 quadam
1990 3170 2258 3248 ratione,

186 3292 323 3357 qua
350 3270 538 3357 plane
570 3271 943 3336 Plutarchea
969 3272 1174 3336 forma
1199 3285 1265 3337 et
1294 3272 1644 3358 proprietas
1670 3271 1973 3335 cernitur.
2039 3269 2260 3333 Veluti

186 3388 271 3436 ut
300 3370 429 3435 hoc
456 3393 591 3435 uno
619 3386 785 3452 utar,
818 3372 1190 3438 Plutarchus
1218 3372 1414 3437 habet
1437 3373 1501 3434 τὸ
1527 3370 1949 3457 φιλευριπῖὃαον,
1983 3368 2259 3433 Pseudo-

170 3470 579 3538 'Plutarchus
624 3472 778 3537 item
821 3472 1153 3561 aliquoties
1206 3470 1523 3558 Euripidis
1570 3469 1907 3534 sententias
1951 3469 2253 3555 apponit:

190 3571 305 3636 sed
332 3571 399 3635 in
428 3586 705 3659 utroque
734 3587 1046 3659 quantum
1074 3571 1326 3636 differt?
1378 3573 1454 3634 In
1486 3568 1827 3634 Plutarcho
1855 3570 1940 3632 est
1961 3570 2258 3654 quaedam

187 3672 673 3739 consuetudinis
700 3688 768 3737 et
796 3673 1234 3738 familiaritatis
1258 3672 1548 3750 facilita8‚
1577 3682 1652 3734 ut
1682 3669 2005 3734 sententiae
2035 3668 2259 3755 sponte

186 3774 253 3839 ei
294 3790 362 3837 et
400 3773 465 3838 in
508 3789 793 3839 mentem
825 3775 1049 3839 venifl'e
1077 3787 1146 3838 et
1172 3775 1238 3838 in
1268 3772 1624 3838 orationem
1665 3769 1968 3839 influxisse
1995 3770 2254 3836 videan-

182 3892 340 3940 tur:
388 3874 453 3938 in
498 3874 1123 3941 Pseudo-Plutarcho
1169 3889 1429 3960 apparet
1474 3872 1741 3951 novitas,
1785 3873 2124 3959 quaerentis
2159 3873 2254 3937 la-

180 3976 336 4051 bor,
366 3988 433 4038 et
456 3974 625 4060 quafi
651 3973 863 4039 vultus
891 3974 1190 4038 nitentis:
1238 3972 1601 4060 hujusmodi
1629 3973 1773 4037 sunt
1800 3970 1932 4035 fere
1961 3972 2256 4036 formulae

178 4072 429 4160 quibus
468 4074 771 4163 praefatur
812 4089 880 4137 et
920 4073 1115 4138 veluti
1142 4073 1387 4137 aditum
1429 4072 1540 4136 fibi
1575 4071 1777 4158 aperit
1801 4068 1884 4133 ad
1912 4072 2252 4137 sententia-

178 4196 341 4240 rum
392 4174 869 4240 recitationem:
944 4174 1107 4258 Cap.
1142 4175 1232 4237 ΙΙ.
1278 4194 1345 4258 p.
1383 4192 1442 4236 1.
1483 4174 1579 4238 B:
1634 4170 1751 4249 Ka)
1785 4173 1947 4253 σοφὸς
1982 4169 2042 4248 ἦν
2075 4169 2188 4259 eiga
2224 4175 2254 4232 ὁ

176 4278 426 4353 ποιητὴς
468 4274 521 4349 ὅς
562 4294 747 4357 φησιν,
776 4274 964 4340 Ὅταν
999 4275 1055 4337 δὲ
1099 4275 1286 4362 κρηπὶς
1329 4300 1464 4338 κ.τ.
1482 4288 1545 4337 λ.
1635 4275 1798 4339 Mox
1838 4269 2099 4347 ibidem,
2136 4267 2254 4349 Ka)

172 4379 356 4463 μάλα
408 4383 581 4467 ὀρθῶς
628 4384 655 4442 ὁ
700 4377 883 4465 λέγων
924 4379 1157 4457 ποιητής
1201 4395 1357 4460 φησι,
1408 4380 1615 4442 Δουλοῖ
1653 4380 1772 4463 γὰρ
1818 4372 1988 4459 ἄνδςα
2028 4399 2087 4437 κ.
2105 4398 2164 4438 τ.
2187 4387 2248 4443 λ.

1178 4498 1221 4544 Β
1249 4496 1289 4563 3
