3067 5225
365 486 476 547 DE
504 489 770 549 RECTA
794 491 1205 551 AUDIENDI
1231 491 1615 552 RATIONE.
1642 492 2048 568 p.45.F-46.
2061 492 2136 551 A.
2195 501 2313 567 39³

257 648 566 734 Epicure,
595 673 795 739 quum
822 652 1163 719 dicendum
1195 653 1400 719 fuiffet
1435 653 1633 740 κςότυς
1662 654 1756 716 καὶ
1783 650 2037 739 θορύὸες,
2080 652 2322 740 ρῖαιψιε

240 764 317 815 ‘et
346 752 657 817 tumultus.
725 753 970 819 Eodem
999 755 1237 841 spectat
1270 755 1641 820 Plutarchus
1667 753 1837 819 Adv.
1869 753 2220 841 Epicurum
2249 777 2318 840 p.

261 868 454 938 1095.
481 855 571 919 D.
602 866 670 919 et
697 855 861 920 Adv.
893 857 1191 921 Colotem
1222 877 1289 942 p.
1320 872 1505 940 1117.
1530 859 1618 921 A.
1680 855 1830 920 Alia
1853 856 2048 920 etiam
2075 856 2317 921 attulea-

257 970 412 1017 runt
439 953 521 1017 ad
550 955 786 1020 Laertii
821 956 1033 1021 locum
1069 956 1479 1022 casaubonus
1505 970 1575 1020 et
1600 954 1947 1042 Menagius
1974 982 1990 1019 ε
2037 955 2143 1020 hic
2171 957 2317 1043 quia

250 1055 407 1122 dem
436 1078 766 1146 perperam
792 1058 1118 1146 corrigens
1142 1084 1231 1122 σοι
1257 1080 1374 1144 pro
1399 1082 1521 1121 σου.

342 1177 450 1242 45.
482 1161 550 1223 F.
605 1157 805 1236 Θείους,
855 1158 1689 1245 Θεοφοςῆτως-Ἀνθηςῶβ]
1752 1156 2048 1221 Diximus
2089 1155 2173 1220 de
2221 1155 2321 1221 his

254 1256 825 1323 acclamationibus
851 1257 932 1322 ad
962 1280 1027 1344 p.
1059 1261 1163 1325 26.
1195 1259 1273 1321 B.
1302 1259 1492 1325 verbo
1520 1262 1807 1339 ἐπιφωνεῖν.

342 1370 450 1440 45.
481 1359 552 1422 F.
602 1356 906 1443 Ὑπερίδην]
979 1358 1108 1422 Ηίο
1161 1358 1446 1444 quamvis
1488 1378 1762 1442 magnus
1807 1355 1934 1421 fuit
1981 1369 2198 1421 orator
2242 1379 2324 1423 ae

256 1459 466 1524 bonus
501 1457 673 1536 civiS,
722 1480 1074 1544 numquam
1111 1458 1395 1544 profeem
1434 1459 1659 1523 nactus
1696 1460 1782 1521 est
1821 1479 1962 1521 eam
2004 1457 2316 1522 existima-

255 1559 528 1640 tionem,
564 1574 639 1624 ut
681 1559 747 1623 in
787 1559 1149 1647 exemplum
1183 1559 1430 1624 virtutis
1471 1558 1920 1645 sapientiaeque
1963 1559 2318 1624 celebrare-

254 1671 401 1723 tur:
474 1681 669 1745 quam
729 1657 987 1745 quidem
1044 1659 1561 1725 existimationem
1617 1660 1935 1738 SocrateS,
1993 1659 2194 1739 Plato,
2251 1673 2321 1724 et

258 1760 585 1825 Plutarchi
622 1773 794 1825 certe
831 1759 1012 1824 sensu
1034 1758 1411 1846 judicioque
1446 1759 1783 1846 Euripides
1825 1760 2041 1840 etiam,
2069 1760 2318 1826 habuit.

258 1862 347 1925 Et
378 1884 525 1926 vero
553 1861 694 1926 haec
732 1861 992 1929 nomina
1020 1861 1285 1926 subinde
1317 1884 1357 1925 a
1387 1861 1655 1927 librariis
1683 1876 2045 1948 permutata
2079 1863 2318 1949 reperi-

256 1975 501 2028 untur:
557 1964 737 2050 quod
780 1965 1162 2051 cognoscere
1204 1964 1358 2029 licet
1398 1987 1477 2030 ex
1517 1964 2047 2030 animadverfione
2090 1965 2317 2030 Ruhn-

254 2064 439 2129 kenii
492 2065 558 2129 in
613 2066 888 2131 Historia
943 2065 1185 2130 Critica
1236 2064 1585 2132 Orator-um
1651 2069 2026 2131 Graecorum
2093 2089 2159 2153 p.
2210 2083 2318 2150 71.

254 2164 726 2251 Harpocration
755 2186 909 2229 voce
944 2164 1172 2244 Θέθσᾳ,
1216 2187 1356 2229 eam
1401 2164 1855 2251 interpretatur
1879 2166 2123 2230 addens
2149 2166 2320 2235 hanc

251 2264 605 2353 Hyperidis
640 2264 1109 2344 auctoritatem,
1136 2266 1414 2353 ’Ὑπερίδης
1443 2271 1494 2331 ἐν
1520 2271 1601 2351 τῷ
1625 2268 1771 2352 πρὸς
1796 2267 2172 2352 ’Υγιαῖνοντα.
2243 2269 2319 2337 In

256 2366 610 2432 Aristotelis
654 2364 976 2432 Rhetoric.
1025 2366 1149 2431 III.
1186 2386 1302 2452 15:
1348 2365 1529 2454 ὥσπερ
1574 2367 1859 2453 Εὐριπίδης
1900 2371 2045 2454 πρὸς
2085 2366 2319 2453 ’Ὑγιαί-

257 2496 419 2535 νοντα
458 2475 510 2534 ἓν
549 2475 616 2555 τῇ
658 2468 919 2534 &nawa-u
963 2485 1354 2535 memoratur
1383 2470 1496 2549 ita,
1540 2483 1616 2539 ut
1644 2470 1893 2534 nullum
1924 2470 1995 2535 fit
2022 2470 2318 2550 dubium,

255 2572 414 2657 quin
451 2571 767 2659 Euripidis
805 2588 1040 2638 nomen
1070 2594 1289 2638 verum
1335 2588 1402 2639 et
1444 2574 1525 2637 ab
1570 2572 1706 2660 ipso
1747 2571 2104 2654 Aristotele,
2136 2594 2255 2639 nec
2283 2596 2324 2640 a

254 2673 534 2753 librario,
563 2674 673 2738 fit:
721 2673 827 2738 sed
866 2687 935 2740 et
976 2674 1145 2760 apud
1191 2675 1767 2761 Harpocratiouem
1814 2698 2031 2739 verum
2074 2675 2324 2742 videtur

256 2774 379 2838 effe
412 2773 733 2860 Hyperidis
760 2797 1021 2853 nomen,
1048 2774 1355 2861 siquidem
1400 2776 1506 2840 ille
1539 2799 1666 2841 non
1697 2776 1804 2840 nist
1833 2778 2178 2843 Oratorum
2208 2799 2320 2842 vo-

260 2874 492 2942 cabula
516 2876 812 2961 explicat.
874 2876 1143 2941 Fortass'e
1172 2877 1306 2961 post
1332 2877 1739 2943 Aristotelem
1768 2878 2027 2942 demum
2052 2878 2156 2942 illa
2187 2878 2321 2942 Eu·

256 2976 472 3063 ripidis
525 2976 727 3042 oratio
775 2976 842 3040 in
895 2975 1219 3063 Hyperidis
1263 2999 1496 3040 nomen
1559 2978 1849 3041 transsata
1888 2977 1952 3041 in
2009 2976 2324 3063 hujusque

257 3075 653 3142 orationibus
679 3076 761 3141 ab
791 3076 1299 3161 Harpocratione
1330 3090 1399 3140 et
1426 3076 1590 3140 lecta
1615 3091 1684 3141 et
1709 3076 1930 3141 habita
1955 3077 2063 3140 est.
2123 3079 2322 3157 Nam,

256 3177 437 3266 quod
486 3179 576 3242 H.
605 3176 886 3242 Valesius
928 3174 1132 3254 addit,
1182 3176 1248 3239 in
1296 3176 1489 3240 Notis
1518 3176 1603 3240 ad
1649 3179 1856 3242 Notas
1901 3176 2210 3241 Maufl‘aci
2253 3200 2321 3264 p.

264 3280 432 3344 116:
500 3280 672 3343 Forte
723 3278 1055 3365 &pericles
1095 3301 1225 3341 eam
1279 3278 1591 3341 orationem
1637 3278 1924 3364 Euripidi
1956 3278 2325 3366 sbripserat:

259 3379 647 3446 solertissima
675 3379 817 3444 sane
848 3379 996 3444 effet
1032 3378 1193 3442 ratio
1237 3377 1647 3463 expediendae
1684 3379 2095 3459 difficultatiS,
2126 3380 2325 3448 modo

260 3504 345 3546 ne
373 3495 735 3567 temporum
775 3479 1123 3544 rationibus
1167 3495 1587 3565 repugnaret:
1637 3479 1744 3542 nifi
1775 3478 1972 3542 alium
2001 3480 2324 3564 quendam

262 3581 612 3668 Hyperidis
659 3580 968 3667 aequalem
1023 3579 1455 3667 intelligamus
1514 3579 1906 3665 Euripidem.
1996 3580 2324 3647 Caeterum

261 3683 617 3766 ’Ύγιαίνοντα
652 3705 850 3768 quum
894 3681 1061 3768 apud
1099 3695 1445 3767 utrumque
1477 3682 1751 3768 legatur,
1781 3697 1846 3745 et
1884 3683 2118 3746 iterum
2153 3683 2326 3768 apud

262 3784 839 3869 Harpocrationem
867 3783 933 3847 in
960 3780 1102 3860 ’Ἐνη
1153 3781 1245 3862 κα)
1290 3781 1439 3860 Nion,
1490 3781 1708 3846 malim
1748 3783 1872 3847 hoc
1917 3784 2081 3848 tueri
2125 3807 2323 3871 quam

264 3905 415 3947 cum
443 3882 868 3948 Valckenario
898 3883 1105 3947 nostro
1134 3879 1216 3946 ad
1258 3880 1575 3968 Euripidis
1604 3880 2040 3971 Hippolytum
2073 3905 2142 3973 p.
2174 3903 2323 3972 232.

261 3982 606 4066 Ὑγιαίνετον
635 3982 976 4069 corrigere.

350 4105 417 4169 p.
446 4085 556 4163 46.
584 4085 671 4147 A.
718 4083 873 4168 λόγῳ
915 4090 1264 4168 σωφρονοῦντι
1308 4081 1706 4169 προσφέροντες
1750 4081 1957 4147 ἔπαινον
1997 4086 2320 4172 hungaria]

264 4180 575 4268 χολαςικαὶ
601 4180 831 4264 μελέτω
860 4183 1005 4245 sunt
1031 4181 1458 4267 Sophissarum
1489 4198 1559 4247 et
1587 4181 1967 4261 Rhetorum,
2007 4197 2074 4246 et
2110 4183 2178 4246 hi
2205 4184 2325 4247 sae-

268 4284 412 4370 pius
456 4307 606 4349 cum
653 4284 1043 4346 meretricibus
1095 4307 1215 4348 con
1244 4301 1586 4368 parantur:
1645 4306 1772 4371 qua
1821 4285 1902 4350 de
1936 4306 2003 4347 re
2040 4284 2329 4370 exposuit

268 4384 496 4450 doctus
522 4383 721 4450 homo
750 4384 825 4447 L.
847 4382 1189 4448 Cresollius
1218 4384 1282 4448 in
1314 4383 1594 4450 Theatro
1623 4384 1824 4470 Soph.
1852 4383 1976 4447 111.
2006 4400 2066 4449 z.
2093 4404 2161 4471 p.
2180 4386 2325 4470 158.
